2092 3059
232 171 270 230 st
426 131 494 216 ‘c
519 139 764 216 sv'croun

232 287 266 320 na
275 269 387 319 relatum
396 267 453 331 est)
468 266 541 325 Non,
551 264 578 314 si
586 263 677 315 omnia
685 271 866 327 morarentur,
877 263 1007 332 mplius

232 335 386 404 repastina
395 330 638 400 Romaefuturum·
658 332 754 397 Atque,
764 334 854 382 itinere
866 332 1004 392 inchoato,

231 403 355 454 Asturam
373 401 495 468 perrexit:
513 408 541 446 et
556 399 617 448 inde
626 410 726 465 praeter
737 397 959 448 consuetudinem
971 398 1005 448 ds

231 481 306 520 nocte
314 467 347 518 nd
357 467 517 517 occasionem
526 481 601 514 aurae
612 475 716 516 evectus
722 501 730 529 ‚
741 481 859 516 caussam
868 467 1005 518 valetudi-

232 539 274 587 nis
282 537 407 586 conuexit
417 552 448 584 ex
456 535 584 602 profluvio
597 534 660 583 alvi.

282 634 407 688 XCVIII.
416 635 491 686 Tunc
497 633 654 700 Campaniae
664 651 708 683 ora
717 635 894 702 proximisque
903 633 1003 684 insulis

232 702 356 765 circuistis,
371 703 529 770 Caprearum
539 717 640 767 quoquc
650 703 759 751 secessui
769 697 942 768 quatriduum
951 704 1003 752 im-

231 769 336 840 pendit,
355 771 536 820 remississimo
546 765 578 818 ad
588 770 672 818 otium
682 779 707 818 et
722 767 754 818 ad
770 784 876 818 omnem
890 769 1004 816 comita·

188 876 191 880 -
232 851 286 890 tem
295 840 390 888 animo.
419 838 495 887 Forte
505 834 679 886 Puteolanum
689 836 774 884 sinum
783 835 1002 902 praeteruehenti,

233 917 349 956 rectores
359 916 502 970 nautaeque
512 903 545 952 de
556 901 614 952 navi
624 901 807 964 Alexandrina,
818 919 883 968 quae
893 913 1002 952 tantum

224 971 304 1037 ¹quod
313 972 459 1037 appulerat,
479 967 609 1021 candidati
619 970 783 1036 coronatique
793 981 817 1018 ct
827 969 903 1018 thura
913 969 1002 1020 liban-

233 1049 284 1099 tes,
295 1038 375 1088 fausta
385 1037 470 1089 omina
480 1049 506 1087 et
515 1037 621 1088 eximias
631 1035 720 1086 laudes
731 1047 931 1102 congesserunt:
947 1039 1002 1087 Pet

231 1105 312 1156 illum
321 1122 350 1155 se
358 1106 453 1164 vivere,
460 1097 597 1172 perillum
608 1105 740 1174 navigare
745 1125 759 1164 ,-
776 1102 1002 1172 libertatemque

232 1171 350 1223 fortunis
356 1189 406 1240 per
415 1172 490 1223 illum
490 1171 564 1240 frui.
594 1172 653 1237 Qua
668 1187 696 1220 re
711 1169 855 1222 admodum
871 1169 1002 1221 exhilara·

181 1278 187 1286 s
232 1251 274 1290 tus
303 1238 459 1305 uadragenos
469 1255 559 1290 aureos
574 1238 710 1289 comitibus
724 1236 824 1288 divisit:
844 1237 937 1302 iusque
957 1239 1000 1287 iu·

232 1259 346 1357 randum
357 1318 382 1356 et
390 1307 535 1356 cautionem
545 1307 652 1370 exegita
663 1303 780 1370 singulis,
787 1321 840 1354 nou
850 1305 901 1356 alio
912 1301 1002 1354 «laum

231 1389 375 1433 mam,
385 1391 466 1438 quam
476 1377 503 1423 in
514 1373 671 1438 emptionem
680 1370 922 1423 Alexandrinarum
931 1388 1003 1420 mer-

233 1441 304 1489 cium
311 1439 501 1505 absumpturos.
534 1437 587 1488 Sed
602 1449 627 1488 et
641 1451 737 1488 ceteros
747 1442 882 1489 continuos
892 1437 948 1488 dies
960 1441 1001 1488 in-

232 1518 273 1556 ter
282 1508 351 1557 varia
362 1509 516 1556 munuscula
524 1517 596 1572 togas
607 1504 710 1572 insuper
723 1521 753 1556 ac
767 1507 845 1572 pallia
859 1504 1000 1570 distribuit,

191 1580 195 1584 '
231 1575 291 1642 lege
299 1575 437 1642 proposita,
447 1585 475 1624 ut
486 1574 593 1624 llomani
604 1573 712 1633 Graeco,
724 1572 816 1624 Graeci
826 1574 945 1624 Romano
955 1573 1002 1625 lsa-

233 1639 290 1693 bitn
301 1653 453 1692 etsermone
464 1653 607 1690 uterentur.
640 1639 771 1706 Spectavit
783 1639 881 1690 assidue
893 1653 918 1696 et
929 1658 1003 1690 exess-

233 1721 320 1758 centes
330 1709 457 1776 ephebos,
468 1725 582 1773 qnorum
592 1707 679 1773 aliqua
693 1706 778 1757 adhuc
788 1709 902 1774 copiaex
911 1719 1001 1760 uetere

235 1777 352 1827 instituto
362 1774 468 1841 Capreis
479 1787 542 1825 erat·
571 1773 666 1826 lisdem
683 1773 760 1824 etiam
775 1777 884 1842 epulum
900 1777 929 1826 in
940 1791 1004 1826 con-

235 1857 322 1912 spectu
331 1858 379 1890 suo
390 1842 519 1907 praebuit,
529 1842 655 1908 permissa
664 1842 746 1892 immo
758 1853 844 1894 exacta
853 1837 959 1894 iocandi
969 1843 1002 1892 li·

235 1911 317 1960 centia
326 1907 518 1975 diripiendique
528 1925 668 1974 pomorum
686 1920 712 1962 et
722 1907 891 1959 obsoniorum
899 1927 1002 1959 rerum-

148 2009 153 2012 ·
236 1990 286 2055 qne
296 1977 447 2025 missilium:
462 1977 537 2025 nullo
548 1975 660 2042 denique
671 1993 764 2042 genere
775 1973 911 2028 hilaritatis
923 1977 1003 2027 absti-

235 2054 303 2094 unit.
331 2042 452 2093 Vicinam
461 2042 565 2109 Capreis
579 2044 690 2094 insulam
699 2037 878 2111 ἆπραγόπολιν
888 2045 1003 2112 appella-

235 2109 280 2160 bac
289 2127 304 2160 a
314 2106 409 2158 desidia
419 2111 593 2162 secedentium
602 2111 665 2162 illuc
675 2127 688 2160 e
699 2113 821 2162 comitatu
831 2127 888 2161 suo.
906 2109 962 2162 Sed
972 2129 1003 2162 ex

237 2175 337 2257 dilectis
347 2193 438 2239 unum,
456 2175 606 2242 Magabam
616 2181 738 2241 nomine,
757 2177 829 2258 quas}
838 2177 1002 2229 conditorem

237 2244 352 2305 suculae,
362 2242 467 2309 κτιστὴν
476 2261 567 2295 vocare
578 2256 755 2296 consueverat:
774 2245 853 2295 huius
862 2245 1002 2312 Masgabae

214 2329 217 2334 ·
238 2323 296 2360 ante
316 2328 414 2361 annum
433 2311 556 2372 defuncti,
577 2314 711 2362 tumulum
730 2329 812 2378 quum
833 2329 864 2361 ex
889 2312 1002 2363 triclinio

238 2377 454 2429 animadvertisset
464 2397 558 2445 magna
567 2378 644 2428 turba
649 2380 789 2447 multisque
799 2379 947 2430 luminibus
953 2381 1004 2430 sre-

237 2446 378 2564 ppppitaappt,
389 2464 493 2498 versum
505 2449 677 2516 compositum
686 2463 717 2498 ex
726 2459 844 2516 tempore
859 2447 930 2500 darc
942 2465 1004 2516 pro·

269 2595 388 2656 Kanna
399 2595 428 2644 tt
437 2593 541 2664 τύμβον
550 2595 639 2665 εὶςορῶ
649 2593 823 2666 πυρούμενον.

237 2675 433 2746 conversusque
443 2681 476 2731 ad
486 2679 665 2748 Thrasyllum,
685 2682 783 2774 Tiberii
792 2685 931 2746 comitem,
942 2699 991 2734 tarn
