2092 3059
129 236 131 240 ,
185 202 222 258 75
420 181 718 272 c.syr:r0n11
787 143 789 148 Ι

177 308 325 360 ‚revocaret
336 299 435 349 exorari
444 300 517 349 nullo
529 296 608 356 modo
615 296 711 362 potuit3
719 287 868 363 deprecanti
875 310 947 362 saepe
980 319 983 330 ·

185 365 281 431 populo
291 366 405 415 Romano
416 379 441 416 et
450 368 606 433 pertinacius
617 363 730 424 instanti,
738 362 898 428 taleefiliae,
905 372 947 412 ta-

186 432 276 501 lesque
286 433 363 483 cunin
385 448 471 499 capro
482 434 603 482 concione
623 434 785 497 imprecatus·
801 434 855 481 ·Ex
874 442 957 496 nepte·

188 499 267 561 Iulia,
286 509 344 569 post
373 504 559 563 amnationem,
581 497 678 549 editum
700 500 827 550 infantem
846 500 947 563 agnosci

126 586 131 601 c
170 568 370 631 *eliqueretuit
398 567 543 635 Agrippam
553 566 634 616 nihilo
643 566 850 625 tractabiliorem,
866 567 945 614 immo

187 634 215 683 in
226 634 280 683 dies
289 635 472 697 amentiorem,
492 636 519 683 in
531 636 643 684 insulam
652 634 840 700 transportavit,
859 632 946 697 'sepsit-
989 645 992 650 ⁴

188 718 238 767 que
249 702 355 768 insuper
363 702 477 753 custodia
487 703 610 752 militum.
621 699 696 749 Cavit
705 702 947 773 etiamsenatnscon-

187 769 263 828 sttlto,
271 780 299 817 ut
309 770 401 820 eodem
411 770 461 818 loci
472 772 664 835 inperpetuum
674 770 860 817 contineretur:
871 778 947 831 atque

186 833 219 885 ad
229 852 335 885 ornnem
344 850 369 887 et
378 838 433 885 eius
443 847 469 886 et
475 838 601 886 luliarum
605 836 765 885 mentionem
771 835 948 901 ingemiscens,

185 902 341 967 proclamare
352 906 429 954 etiam
438 903 549 984 solebag:

219 964 287 1017 Ate’
297 966 391 1035 ὄφελον
400 964 504 1036 ἄγαμός
512 989 529 1019 τ
543 969 642 1035 ἴμεναι,
653 964 750 1033 ἄγονός
757 964 948 1018 τ’ἆπολέσθαιί
958 1012 963 1019 ,

78 1070 80 1077 1
141 1072 143 1075 -
187 1051 234 1085 nec
252 1036 327 1086 aliter
340 1040 531 1105 easappellare,
551 1054 631 1103 qnam
649 1048 699 1086 tres
714 1039 826 1087 vomicas
842 1048 887 1085 aut
900 1037 949 1087 tria

187 1104 356 1155 carcinomata
367 1123 421 1155 stra.

237 1170 334 1223 LXVI.
343 1169 477 1223 Amicitias
486 1189 570 1239 neque
578 1172 652 1221 facile
663 1170 776 1232 admisit,
798 1184 823 1221 et
833 1184 950 1221 constan·

107 1262 108 1267 ¹
188 1240 282 1287 tissime
292 1240 408 1289 retinnit:
428 1258 481 1291 uon
496 1251 598 1291 tantum
607 1240 714 1289 virtutes
723 1257 753 1289 ac
762 1241 856 1299 merita
865 1242 950 1289 cuius·

164 1332 168 1337 ,
186 1300 237 1370 q'ue
248 1306 327 1371 digne
336 1306 545 1373 prosecuta-sed
555 1307 616 1355 vitia
625 1324 728 1372 qnoque
741 1319 765 1356 et
775 1306 875 1370 delicta,
882 1306 952 1357 duu-

186 1384 254 1421 taxat
263 1371 372 1449 modica,
383 1390 527 1440 perpessus.
545 1374 636 1438 Neque
649 1375 719 1428 enim
729 1387 826 1423 temere
836 1391 867 1424 ex
877 1376 951 1425 omni

91 1452 98 1459 ·
129 1486 133 1489 ,
186 1454 296 1488 munero
315 1454 342 1489 tn
357 1442 468 1490 amicitia
484 1442 540 1491 eius
558 1442 643 1490 afflicti
662 1443 829 1507 reperientur,
848 1453 952 1507 praeter

178 1504 365 1557 'Salvidienum
376 1507 487 1570 Rufum,
507 1523 586 1573 quem
600 1508 634 1558 ad
644 1510 806 1559 consulatum
815 1525 906 1574 usque,
927 1522 954 1561 et

187 1572 338 1625 Cornelium
349 1575 469 1637 Gallum,
484 1592 572 1643 ,quem
587 1576 621 1625 atl
629 1574 816 1641 praefecturam
825 1574 952 1643 Aegypti,

141 1652 146 1657 ·
189 1656 220 1689 ex
230 1642 318 1692 infima
329 1653 468 1711 utrumqne
479 1644 591 1705 fortuna,
602 1643 761 1709 provexerat.
782 1642 904 1707 Quorum
913 1647 954 1694 al-

53 1725 55 1733 *
131 1727 134 1733 ’
173 1718 287 1767 terum,
306 1726 347 1758 res
366 1726 445 1760 novas
464 1713 623 1772 molientem,
644 1710 823 1760 damnandnm
842 1710 954 1762 Senatui

187 1774 304 1825 tradidit:
324 1778 411 1837 alteri,
430 1776 463 1826 ob
473 1778 605 1843 ingratum
620 1783 649 1825 et'
654 1779 813 1827 malevolum
823 1778 954 1843 animum,

188 1839 266 1891 domo
278 1854 302 1890 et
310 1844 452 1908 provinciis
461 1845 514 1893 suis
525 1843 666 1894 interdixit.
684 1845 738 1896 Sed
748 1846 826 1896 Gallo
836 1863 954 1911 quoque,

187 1920 213 1957 et
223 1920 398 1971 accusatorum
409 1908 656 1972 denuntiationibus,
677 1923 702 1961 'et
711 1911 955 1978 ienatnsconsultis,

187 1974 220 2025 ad
230 1991 320 2023 necem
330 1978 472 2043 compulso,
493 1977 611 2029 laudavit
620 1977 727 2044 quidem
735 1982 857 2047 pietatem
867 1992 957 2035 tanto-

187 2057 248 2107 pere
258 2059 305 2108 pro
314 2060 340 2092 se
350 2045 556 2111 indignantium:
566 2058 696 2097 caeterum
706 2058 731 2096 et
741 2048 917 2113 illacrymavit
929 2059 958 2099 et

188 2110 272 2159 vicem
282 2126 355 2159 suam
365 2125 518 2178 conquestus
529 2124 574 2173 est,
581 2114 652 2183 quod
659 2113 711 2163 sibi
719 2114 772 2164 soli
782 2113 957 2176 conticeret,
1041 2141 1042 2144 ¹

186 2174 292 2238 amicis,
312 2179 540 2246 quatenmaellet,
554 2180 646 2236 irata·
671 2180 776 2247 Reliqui
785 2182 898 2245 potentia
910 2195 958 2233 at-

186 2258 237 2309 que
248 2244 340 2310 opibus
351 2247 471 2299 adfinem
482 2248 604 2308 vitreari
613 2248 737 2314 cuiusque
746 2249 844 2299 ordinis
854 2250 961 2316 princi-

184 2326 240 2377 pes,
260 2315 415 2363 ssoruernnt:
437 2330 596 2381 quamquam
611 2326 636 2363 et
646 2317 749 2366 offensis
758 2314 961 2367 intervenienti-

145 2410 146 2417 κ
185 2379 245 2429 hus.
264 2379 428 2431 Desideravit
437 2382 506 2431 enim
516 2397 722 2447 nonnumquam,
742 2400 775 2432 ne
786 2384 820 2433 de
830 2384 960 2449 pluribus

184 2446 304 2511 referam,
315 2460 341 2497 et
351 2450 389 2499 M.
398 2444 530 2514 Agrippae
539 2450 702 2514 patientiam,
713 2463 739 2500 et
750 2450 907 2501 Maecenatis
918 2463 961 2502 ta·

173 2511 367 2571 ‘eltnrnitatem
378 2530 460 2579 quum
470 2516 523 2575 ille,
543 2532 576 2563 ex
585 2517 637 2565 levi
647 2516 678 2565 sri
697 2518 749 2567 oris
759 2519 917 2584 suscipione,
931 2531 963 2569 et

185 2580 403 2645 quodMarcellns
414 2580 461 2630 eibi
471 2581 648 2643 anteferretur,
659 2535 795 2652 lfitylenas
805 2601 841 2645 se,
853 2587 962 2636 relictis

184 2648 314 2708 omnibns,
325 2648 487 2711 contulliset,
497 2648 540 2697 hio
549 2662 684 2711 secretum,
705 2652 738 2702 tle
748 2665 880 2719 comperta
890 2653 964 2704 Mn-

184 2728 259 2765 renac
270 2715 454 2778 coniuratione,
470 2716 544 2767 tucri
553 2718 688 2786 Terentiae
704 2718 868 2786 prodidisset.
898 2722 963 2773 Ex·
