2092 3059
331 67 589 161 ocrsvivs.
808 108 846 170 6⁵

78 208 166 273 heret,
182 214 249 277 post
266 224 296 258 se
310 224 361 274 per
377 204 550 261 ambitionem
559 207 717 280 quandoque
725 206 845 260 restitui.

78 277 166 343 Atque
176 278 211 327 ita
225 276 331 343 posthac
341 289 397 327 rem
411 276 575 343 temperarit,
594 288 697 329 utnon
715 278 845 327 minorem
880 287 883 290 '

9 342 21 349 ”’
72 351 215 403 'aratorum
230 360 259 394 ac
280 344 476 411 negotiantium,
495 361 576 410 quarn
593 346 701 413 popuII,
719 346 844 395 rationem
909 346 916 366 ⁴

62 412 193 463 ‘duceret

85 513 87 517 -
129 478 227 531 XLIII.
250 479 461 547 Spectaculorum
473 476 508 529 'et
522 476 669 531 assiduitate
684 493 711 531 et
723 480 845 530 varietate

9 540 11 559 '
80 559 155 613 atque
164 546 349 613 magnificentia
359 564 449 597 omnes
459 548 603 597 antecessit.
612 549 714 598 Fecisse
723 548 800 597 ludos
809 550 845 607 se,

80 616 123 675 ait,
143 630 191 663 suo
208 618 315 675 nomine
331 625 432 680 quaterz
452 630 500 681 pro
513 614 570 664 aliis
580 615 780 680 magistratibus,
802 615 854 681 qni.

80 694 125 731 aut
134 682 263 742 abessent,
273 694 379 744 autnon
390 680 544 741 sufficerent,
552 692 593 729 ter
601 693 627 730 et
635 681 723 732 vicies:
733 682 844 745 fecitque
871 701 876 711 κ

79 764 277 817 nonnumquam
287 750 397 811 vicatim,
405 764 434 797 ac
443 747 562 815 pluribus
571 749 661 809 scenis,
671 766 717 816 per
727 749 845 797 omnium
907 794 911 805 ,

78 804 231 881 linguarum
242 814 384 866 histrIones.
415 816 527 866 Munera
542 814 847 867 noninsoromodonec
901 820 908 829 '
941 839 944 846 ·

79 884 107 933 in
113 880 319 947 Amphitheatro,
327 882 373 932 sed
384 886 412 933 in
419 882 494 933 CIrco
505 894 531 932 et
540 886 567 934 in
574 882 609 933 Se
628 884 667 946 tls,
674 881 845 949 etaliqnsndo

78 950 146 999 nihil
157 960 256 1017 praeter
266 951 428 1001 venatIonem
448 948 541 1001 edidit:
560 948 612 1001 Aah
625 962 692 1015 etas,
711 950 844 1001 exstructis

76 1017 106 1067 in
117 1034 211 1083 campo
220 1018 314 1067 Martio
324 1016 449 1073 sedilibus
458 1016 565 1084 ligneis:
585 1022 656 1083 item,
670 1019 761 1069 navale
788 1034 845 1066 roe·

76 1086 159 1147 litun,
180 1085 246 1133 circa
257 1082 373 1135 Tiberim
384 1096 470 1137 cavato
480 1087 550 1147 solo,
568 1087 595 1135 in
612 1085 664 1153 qub
674 1102 745 1135 nnnc
792 1101 847 1133 esa-

70 1170 141 1203 rum
151 1146 244 1201 nemus
255 1164 300 1202 est.
340 1152 441 1220 Quibus
452 1153 543 1204 diebus
553 1156 673 1205 cristodes
683 1156 710 1202 in
719 1152 786 1202 urhe
794 1150 846 1201 dis·

79 1222 179 1289 posuit,
189 1238 236 1279 ne,
248 1221 348 1270 raritate
358 1223 557 1282 remanentium,
569 1220 756 1286 grassatoribus
765 1218 847 1269 obno-

78 1291 121 1339 xia
131 1298 206 1339 esset.
225 1287 257 1337 In
268 1286 342 1338 Circo
352 1291 465 1356 aurigas,
475 1306 650 1356 cursoresque,
656 1302 681 1339 et
689 1288 845 1337 confectores

79 1356 208 1416 serarum,
228 1367 254 1404 et
267 1372 467 1423 nonnumquam
481 1373 512 1405 ex
524 1356 684 1422 nobilissima
698 1357 846 1416 iuventute,

78 1423 210 1490 produxit.
235 1420 287 1471 Sed
297 1436 322 1473 et
331 1425 424 1475 Troiae
434 1422 529 1486 ludum
538 1424 620 1475 edidit
630 1424 846 1491 frequentissime,

25 1542 29 1548 ,
79 1490 211 1543 maiorum
220 1490 402 1557 minorumque
411 1508 555 1558 puerorum
566 1492 680 1543 delectu:
698 1492 776 1559 prisci
794 1490 846 1540 ds-

79 1556 184 1622 coriqne
204 1556 281 1606 moris
301 1560 462 1619 existimaus,
483 1559 566 1607 clarae
579 1561 666 1622 stirpis
674 1557 794 1608 ‘indolem
808 1558 847 1607 sic

78 1634 220 1674 notescere.
241 1624 273 1674 In
285 1623 442 1674 hocludicr'o
452 1624 484 1674 C.
493 1624 611 1675 Nonium
620 1631 798 1693 Asprenatem,
809 1626 849 1675 la-

78 1707 130 1761 psu
140 1690 315 1753 debilitatum,
323 1710 400 1742 aureo
410 1704 501 1758 torque
510 1690 629 1743 donavit:
649 1708 790 1759 passusque
800 1704 846 1752 eat,

77 1761 169 1825 ipsum
188 1771 354 1825 posterosque
364 1762 489 1826 Torquati
508 1759 576 1809 serre
596 1777 750 1827 cognomen.
784 1759 846 1809 Mox

76 1828 159 1875 finem
170 1826 232 1875 secu
241 1828 301 1877 talia
312 1826 418 1891 edendi,
439 1825 531 1877 Asinio
540 1826 657 1879 Pollione
671 1822 847 1895 oratore'.gra-
871 1836 876 1846 ‘

76 1895 147 1943 riter
166 1892 343 1960 iuridIoscque
364 1898 390 1946 in
410 1895 481 1944 curia
500 1906 591 1959 questo
599 1887 736 1946 Aesernini
745 1896 846 1963 nepotis

76 1963 120 2011 sui
131 1976 226 2021 casum,
237 1963 283 2027 qui
293 1972 318 2010 et
328 1963 381 2029 ipse
392 1979 450 2013 orus
459 1962 580 2028 fregerat.
611 1962 655 2014 ,td
665 1965 846 2029 scenicasquo-

77 2045 145 2095 que,
161 2040 187 2078 et
197 2029 362 2095 gladiatorias
374 2046 477 2098 operas,
498 2031 576 2081 etiam
587 2032 715 2099 equitibus
724 2033 849 2083 Romanis

77 2096 220 2162 aliquando
238 2112 301 2147 usus
323 2110 373 2148 estr
392 2110 483 2149 verum
498 2100 570 2165 prius
586 2096 847 2166 quamsenaiuscon·

76 2163 148 2214 sulto
158 2162 364 2216 interdiceretur.
392 2163 483 2216 Poatea
494 2166 562 2219 nihil
571 2183 645 2230 sane,
665 2179 846 2233 praeterquam

76 2228 302 2283 adolescentulum
317 2234 444 2297 Lucium,
465 2232 573 2284 honeste
591 2245 692 2291 natum,
713 2233 844 2287 exhibuit:

75 2308 190 2359 tautum,
210 2299 408 2366 nunetenderct,
428 2300 499 2368 qnod
509 2300 793 2369 eratbipedaliminor,
813 2300 846 2350 li-

75 2363 187 2415 brarum
208 2366 400 2433 septemdec1m‚
420 2386 449 2419 ac
459 2372 530 2419 vocis
540 2366 692 2421 immensae.
723 2369 846 2437 Quodam
909 2416 915 2425 ,

75 2443 167 2483 aarum
176 2440 291 2490 muneris
301 2436 353 2499 die,
362 2435 518 2487 Parthorum
528 2435 643 2500 obsides,
653 2449 715 2487 tunc
723 2439 843 2505 primum

74 2500 184 2562 missos,
201 2518 249 2567 per
257 2500 369 2553 mediam
379 2520 482 2573 arenam
493 2504 527 2555 ad
540 2507 715 2571 spectaculum
729 2501 842 2562 induxit,
909 2550 916 2557 .

75 2582 211 2635 superque
225 2584 266 2632 se,
286 2570 548 2633 cubselliosecunclo,
567 2570 709 2623 collocarit.
738 2569 844 2621 Solebat
887 2579 890 2590 ’

77 2638 169 2755 etigqq
179 2636 241 2686 citra
251 2639 456 2705 spectaculorum
465 2636 535 2719 dies,
544 2638 567 2689 si
577 2639 681 2757 qnandp
690 2636 754 2705 quid
764 2638 845 2691 inusi-

171 2718 233 2755 τοι.
520 2746 522 2752 .
762 2751 766 2758 ,
