2092 3059
325 178 581 235 oculusve·
650 216 675 235 ‚a
797 182 833 244 87

68 298 218 348 numquam
237 282 366 333 soluturos
385 283 525 349 significare
544 277 613 346 vult,
643 281 682 335 ad
698 281 836 335 Kalendas
860 325 864 335 .

15 348 23 355 “
69 352 196 401 Graecas
205 350 348 411 soluturos,
358 351 404 399 ait:
416 363 442 400 et
452 350 534 417 quu'm
547 350 671 413 beantur,
682 352 786 401 ferenda
796 368 836 401 es·

60 435 96 477 ,se
107 418 265 483 praesentia,
277 417 463 484 qualiacunque
474 420 536 478 sint,
559 419 686 469 Contenti
694 420 779 470 aimus
787 417 836 469 ltoe

70 486 189 535 Catone:
215 482 281 534 etad
296 484 489 551 exprimendam
503 486 636 535 festinatae
654 489 693 537 rei
713 487 835 536 velocita-

67 564 137 613 tem,
161 549 288 611 Celerini,
317 570 379 603 nom
388 554 520 623 asparagi
531 560 689 620 coquantur.
708 552 787 603 Ponit
795 570 836 602 as·

67 617 145 669 sidue
162 632 186 668 et
200 635 248 685 pro
263 570 342 669 stulto
352 618 495 678 baeeolum,
516 631 543 667 et
560 636 607 685 pro
625 622 699 687 pullo
715 618 836 686 pulleia·

67 702 158 747 ceum,
180 696 204 735 et
222 702 269 751 pro
292 688 370 735 oerito
388 699 570 750 vacerrosum,
590 698 617 736 et
632 685 728 754 vapide
742 702 770 735 ss
789 686 835 737 ba·

66 751 129 807 bere
138 769 189 819 pso
199 756 276 811 male,
298 765 323 803 et
332 751 452 805 hesitare
461 768 508 819 pro
518 754 653 817 languere:
674 753 745 818 quqd
754 754 834 824 vulgo

67 810 244 870 lacianizare
254 820 360 870 dieitur:
381 823 443 870 item
453 821 536 869 simus
544 834 698 885 prosumus,
709 831 735 869 et
745 818 835 871 domos

67 888 187 953 genitivo
197 902 256 936 casu
266 888 392 952 singulari
401 904 450 954 pro
460 887 561 938 domus.
586 886 641 937 Nee
650 904 777 953 umquam
787 888 835 936 sli-

65 965 104 1003 ter
115 954 182 1004 haec
193 952 256 1016 duo,
271 972 303 1003 ne
314 957 371 1019 quis
378 952 502 1021 'tuendam
516 955 599 1021 magis
608 970 688 1019 quam
698 966 843 1011 consuetu,

65 1019 158 1071 dinem
168 1031 249 1088 putet.
279 1022 373 1072 Notavi
384 1033 410 1070 et
419 1018 629 1086 in'ehirogsapbo
644 1020 698 1071 eius
707 1022 750 1071 illa
760 1036 834 1088 prae·

65 1091 158 1156 cipue:
180 1106 234 1137 non
245 1084 337 1138 dividit
347 1087 439 1152 verbs,
458 1089 548 1138 neceb
562 1083 675 1139 extrema
689 1100 760 1154 parte
773 1105 833 1138 ver-

63 1172 145 1207 suum
160 1154 319 1205 abundantes
329 1156 426 1205 litteras
461 1148 489 1209 in
505 1155 620 1205 alterum
633 1155 767 1217 transfert,
785 1155 832 1211 sed

64 1222 167 1273 ibidem
177 1224 262 1271 statim
273 1222 376 1272 subiicit
385 1221 615 1287 circumducitque.

116 1288 291 1342 LXXXVlII.
304 1290 538 1358 orthographiam,
559 1287 587 1337 id
597 1300 635 1338 est
643 1289 785 1339 formulam
793 1304 838 1340 rs·

65 1359 221 1423 tionemque
236 1357 364 1409 scribendi
384 1378 398 1409 a
417 1357 593 1424 grammaticis
612 1357 761 1417 institutam,
780 1372 834 1408 non
867 1363 870 1371 “

65 1422 133 1475 adeo
144 1422 269 1487 eustodit;
289 1440 318 1475 ac
327 1424 430 1476 videtur
442 1440 534 1474 eorum
548 1425 637 1491 potius
652 1427 724 1491 sequi
733 1426 835 1491 opinio-

63 1510 145 1552 nem,
166 1493 211 1557 qui
221 1490 328 1560 pes-inde
343 1490 507 1541 scribendum
513 1526 520 1549 ,
541 1492 730 1556 adequamur,
750 1490 833 1540 existi·

63 1570 150 1609 ment.
165 1559 234 1609 Nam
244 1558 315 1625 quod
325 1576 400 1626 saepe
409 1573 463 1606 non
473 1556 570 1607 litteras
579 1556 659 1606 modo
669 1556 715 1607 sed
724 1557 833 1624 syllabae
858 1553 861 1565 ’

63 1637 111 1677 aut
120 1638 252 1693 permutat
261 1638 307 1677 aut
316 1626 449 1693 praeterit,
459 1624 605 1673 communis
616 1623 754 1674 bominum
765 1635 835 1673 mot

63 1696 114 1745 e'st.
135 1693 191 1743 Nec
201 1684 249 1759 ‘ogo
259 1694 286 1744 id
296 1706 427 1754 notarem,
447 1692 498 1741 nisi
508 1689 575 1742 mihi
586 1689 683 1739 mirum
694 1688 842 1751 videretur,·

66 1759 206 1813 tradidisse
216 1764 249 1812 ali
276 1761 334 1822 sos,‘
347 1763 433 1827 legate
448 1774 509 1807 eum
524 1758 652 1807 consulari
662 1766 832 1809 successorem

66 1828 169 1881 dedisse
179 1838 248 1877 utut
268 1830 277 1879 i
287 1839 313 1877 et
322 1826 433 1889 indocto,
444 1826 516 1874 cuius
526 1840 607 1875 mann
617 1823 657 1873 ἐπ’
662 1823 833 1891 pmaepsiseri-

87 1906 146 1945 tum
156 1894 372 1959 animaduerterit.
386 1894 495 1961 Quoties
505 1904 592 1943 autem
601 1907 649 1958 per
657 1902 729 1951 notas
739 1891 834 1953 seu‘bit,

66 1912 85 2011 b
96 1979 145 2027 pro
155 1959 210 2025 a‚'c
220 1979 267 2029 pro
277 1960 303 2026 b,
322 1978 351 2012 ae
360 1960 478 2027 deinceps
488 1958 583 2009 eadem
592 1961 689 2009 ratione
699 1970 835 2027 sequentes

66 2030 167 2086 litteras
196 2031 260 2088 enit,
270 2044 343 2097 prox
354 2040 440 2079 autem
450 2044 497 2078 aa.
519 2047 521 2061 t
778 2074 782 2083 ,

120 2096 167 2147 LX
220 2096 267 2147 tx.
286 2096 328 2146 Ne
343 2096 500 2149 Graecarum
515 2092 628 2159 quidem,
637 2092 835 2161 disciplinarum

66 2162 170 2215 leviore
175 2162 261 2214 studio
269 2163 418 2224 tenebatur3
437 2162 464 2211 in
476 2161 570 2227 quibus
586 2172 612 2210 et
620 2160 681 2227 ipsis
691 2163 835 2228 praestabat
931 2186 941 2207 ι

65 2228 186 2295 largiter,
226 2231 364 2297 ,magistro
380 2227 483 2279 dicendi
501 2245 562 2279 usus
571 2226 730 2309 Apollodoro
740 2229 835 2295 Perga·

66 2311 161 2417 fflirli
168 2293 833 2429 abbidbeiaidv{bid'ddblitgaetdudddaioffidbbiiffi

67 2430 214 2482 eruditione
229 2434 298 2483 varia
317 2432 429 2499 repletus
472 2442 576 2503 estsper
594 2431 658 2481 Arei
677 2431 833 2497 philosophi,

67 2501 236 2565 filiorumque
249 2503 312 2564 eius,
319 2499 437 2567 Dionysii
443 2496 617 2551 etNieauoris.
624 2499 833 2561 ooutnbemiumt

68 2584 123 2617 non
142 2576 247 2627 tamen,
267 2578 296 2616 ut
316 2574 360 2618 aut
379 2568 529 2633 loqueretur
547 2565 678 2631 expedite,
699 2574 743 2613 ant
762 2578 833 2612 eom·

90 2650 167 2685 onem
179 2634 278 2699 aliquid
287 2632 400 2685 auderet.
430 2632 498 2683 Nam
508 2642 548 2692 ets
556 2634 578 2681 si
588 2629 653 2696 qnitl
661 2646 703 2681 res
712 2631 836 2693 exigeret,
896 2677 901 2685 ,

69 2650 150 2753 latine
161 2700 296 2768 formabat,
305 2701 512 2768 uertendumque
527 2700 572 2754 alii
582 2697 667 2749 dabas
695 2693 836 2762 Ssdplsue
892 2721 897 2727 ·
