2092 3059
230 180 270 239 34
415 222 419 231 .
465 171 769 256 QSYETONII·

231 282 370 345 ventusque
380 288 517 327 nocturnos
527 295 580 328 non
590 279 657 328 ultra
666 278 764 344 arguit,
779 293 860 343 quam
868 286 899 327 ut
911 276 1000 341 edicto

230 344 387 407 ostenderet,
408 362 462 397 esse
476 345 526 394 sibi
536 358 621 395 notas:
643 357 668 395 et
678 344 766 393 acerbe
776 344 947 409 loquentibus
958 362 1000 395 sa·

230 413 262 461 tis
273 411 362 461 babuit
388 429 417 460 ro
428 413 551 462 concione
561 411 727 472 denuntiare3
746 429 779 460 ne
788 424 998 477 perseverarent.

230 478 345 543 Aulique
379 482 479 529 aecinae
489 478 698 529 criminosissimo
708 478 774 527 libro
785 491 811 525 et
821 478 999 529 Pitholaicar·

231 545 347 596 minibus
357 544 617 611 maledicentissimis,
628 547 766 597 laceratam
776 544 998 597 existimationem

223 626 305 675 §suam
315 612 479 678 civiliauirno
490 616 557 667 tulit.
956 658 961 664 .

281 679 400 733 LXXVI.
411 680 583 748 Praegrauant
591 691 678 731 omen
688 692 787 731 caetera
797 680 863 731 sacta
874 680 997 747 dictaque

231 746 299 809 eius,
318 758 349 797 ut
358 759 383 797 et
392 747 487 798 abusus
501 746 676 797 dominatione
692 760 719 797 et
732 746 891 798 iure-caesus
906 751 996 800 existi·

230 824 325 864 tuetur.
354 814 414 866 Non
423 816 494 864 enim
504 814 614 864 bonores
628 814 707 864 modo
722 816 818 863 nimios
832 816 943 882 recepit,
966 827 997 865 ut

230 882 382 932 continuum
391 882 560 944 consulatum,
576 889 726 949 perpetuam
732 882 897 947 dictaturam,
917 900 996 948 prae·

230 946 406 1015 securamque
416 964 527 1008 morum,
537 950 645 1014 insuper
651 959 808 1016 praenomen·
817 946 1003 1015 imperatoris,

230 1029 372 1080 cognomen
381 1016 460 1081 patris
469 1016 579 1083 patriae,
594 1026 703 1065 statuam
713 1018 875 1081 interreges,
895 1033 996 1081 sugge-

228 1082 333 1131 stumin
343 1082 482 1133 orchestra:
501 1080 547 1133 sed
557 1094 582 1131 et
592 1083 717 1149 ampliora
728 1081 804 1132 etiam
818 1084 939 1132 humano
956 1085 995 1133 fa-

229 1148 303 1212 stigio
313 1146 415 1216 decerni
425 1148 474 1199 sibi
485 1166 574 1215 passus
584 1160 632 1199 est:
651 1147 742 1198 sedem
751 1165 856 1199 auream
871 1150 898 1199 in
920 1152 994 1199 curia

229 1220 255 1264 et
263 1232 311 1281 pro
320 1215 452 1279 tribunali,
459 1216 575 1267 thensam
585 1227 611 1264 et
620 1216 751 1267 ferculum
761 1216 876 1266 Circensi
885 1234 992 1285 pompe,

142 1324 146 1331 ,
226 1283 338 1349 templa,
348 1299 418 1346 aras,
432 1284 569 1335 simulacra
579 1279 648 1333 iuxta
658 1282 737 1346 Deos,
757 1285 888 1361 pulvinar,
908 1287 994 1336 flami-

226 1362 301 1410 uem,
320 1350 456 1417 Lupercos,
478 1351 676 1417 appellationem
686 1366 781 1399 mensu
791 1369 806 1400 e
815 1369 864 1401 suo
875 1355 993 1403 nomine.
1037 1387 1038 1404 2

226 1413 266 1467 Ac
275 1416 362 1466 nullos
376 1434 430 1468 non
440 1417 551 1467 bonores
570 1417 603 1467 ad
621 1416 760 1467 libidinem
778 1418 845 1483 cepit
863 1430 890 1468 et
909 1419 992 1470 dedit.
1037 1431 1038 1440 ¹

225 1481 668 1549 Tertiumetquartumconsulatum
675 1486 1009 1556 dtnlotesrrugessigcow.
1037 1481 1038 1506 ³

226 1560 312 1601 tentus
321 1551 467 1603 Dictaturae
481 1562 605 1618 potestate
616 1549 732 1601 decretae
742 1567 804 1601 cnm
814 1554 992 1603 consulatibus

226 1615 317 1670 simul:
336 1630 411 1685 atque
431 1629 541 1684 utroque
560 1636 629 1669 anno
648 1616 723 1667 binos
732 1620 850 1684 consules
859 1618 993 1669 substituit

226 1684 289 1749 sibi,
309 1687 337 1736 in
346 1696 431 1736 ternos
441 1688 594 1737 novissimos
608 1701 723 1735 mensesa
743 1686 778 1733 ita
789 1698 819 1735 ut
827 1683 916 1737 medio
926 1698 992 1736 tem-

226 1768 289 1818 pore
300 1754 401 1804 comitia
411 1752 484 1803 nulla
493 1750 620 1813 habuerit,
625 1763 727 1818 praeter
736 1751 903 1801 tribunorum
915 1764 943 1802 et
952 1772 992 1803 as-

227 1816 323 1870 dilium
331 1819 425 1887 plebis:
444 1820 635 1885 praefectosque
650 1836 697 1885 pro
715 1820 875 1885 praetoribus
894 1822 993 1871 consti·

228 1887 319 1948 tuerit,
329 1885 528 1951 qui,.praescute
537 1903 577 1944 se,
598 1901 640 1934 res
650 1885 760 1935 urbanas
770 1885 992 1938 administrarent.

228 1948 314 2003 Pridie
323 1963 410 2002 autem
419 1950 548 2003 Kalendas
558 1953 701 2016 lanuarias,
720 1954 856 2019 repentina
874 1956 992 2016 consulis

225 2031 308 2073 morte
319 2031 459 2069 cessantem
469 2018 608 2083 honorem,
627 2021 656 2070 in
675 2036 768 2087 paucas
786 2020 874 2082 horas,
893 2022 993 2087 petenti
1035 2041 1036 2070 ι

226 2086 306 2139 dedit.
327 2085 426 2141 Eadem
435 2086 550 2149 licentia,
561 2099 646 2155 spreto
654 2091 751 2153 patriae
760 2104 845 2147 more,
855 2091 995 2154 mgistra-

225 2168 268 2206 tus
277 2157 304 2205 in
314 2154 400 2221 plures
409 2170 489 2205 annas
506 2154 650 2221 ordinavit:¹
665 2153 755 2203 decem
774 2155 910 2221 praetoriis
930 2157 993 2207 viris

226 2222 368 2273 consularia
378 2232 527 2273 ornamenta
534 2221 637 2272 tribuit:
647 2219 745 2271 civitate
756 2220 873 2283 donatos,
884 2233 993 2287 etquos-

226 2288 320 2340 damc
341 2289 520 2343 semibarbaris
541 2290 691 2350 Gallorum,
719 2290 817 2353 recepit
835 2286 861 2336 in
882 2290 991 2341 curiam.

226 2358 359 2409 Praeterea
370 2371 487 2408 monetae
497 2356 656 2422 publicisque
667 2356 839 2423 uectigalibus
849 2357 992 2419 peculiares

225 2432 313 2477 servos
322 2427 478 2493 praeposuit.
487 2424 580 2474 Trium
590 2423 734 2488 legionum,
746 2439 809 2487 qaas
821 2420 992 2473 Alexandriae

96 2476 101 2483 i
226 2492 394 2559 relinquebat,
414 2507 503 2541 curam
513 2500 539 2538 et
549 2488 688 2555 imperium
697 2487 902 2551 Rufioni‚liberti
912 2494 954 2541 sui
964 2492 992 2549 fl?

225 2558 273 2625 lio,
285 2562 385 2610 exoleto
395 2575 449 2619 suo,
460 2554 634 2606 demandavit.

276 2624 469 2681 Lxxvnrter
479 2623 585 2673 minoris
601 2622 764 2689 impotentiae
776 2624 991 2691 vocespropalans

227 2692 332 2755 edebat,
352 2702 381 2743 nt
390 2688 422 2739 Τ.
432 2685 543 2755 Ampius
552 2687 651 2740 scribit:
671 2688 751 2743 Nili!
769 2685 826 2742 esse
839 2692 990 2761 rempubl}-
