2092 3059
314 173 663 246 oc‘rsvtvs.„'
784 153 830 243 '93‘
873 181 910 213 -.
987 209 989 214 .

55 286 121 341 nine
132 295 159 338 et
169 283 231 336 iniis
241 283 488 338 intestantenuixu
497 295 523 334 st
537 281 570 333 ad
579 279 672 335 terram
682 279 765 334 dedit:
775 297 822 332 no·

58 353 129 405 tante
140 355 214 404 omni
225 354 350 414 exercitu,
369 351 483 400 futuram
497 347 653 417 minioque
670 349 823 398 intercolls-

55 435 103 487 gas
113 419 371 480 discordiam-talem,
391 420 474 496 pullis
484 429 569 467 secuta
580 427 617 466 est
632 425 706 482 atque
722 417 820 466 exitum

54 489 243 557 praesagiente.
254 484 287 535 In
295 485 420 552 Philippu
425 485 564 534 Thessalus
575 481 683 550 quidam
694 481 822 533 delutum

55 555 165 606 uictoris
174 553 315 610 nuntiavit,
336 563 439 602 anctore
450 552 485 607 D.
495 551 611 612 Caesare,
622 553 694 600 cuius
704 549 753 600 sibi
764 563 821 614 sps·

57 623 110 673 cies
119 622 213 672 itinere
223 621 280 672 avio
289 618 448 668 occurrisset.
478 616 551 667 Circa
565 615 707 676 Perusiam,
728 615 821 684 sectili·

58 692 99 739 cio
106 705 162 739 non
176 688 279 748 litante,
299 695 383 752 quum
396 685 485 749 augeri
500 683 595 734 hostias
611 685 772 748 Imperssset,
792 697 821 732 ac

32 759 35 764 ’
57 755 145 806 subita
154 757 288 821 eruptione
298 752 385 802 hostes
396 768 502 802 omnem
510 751 549 800 rei
559 749 662 800 (livinae
673 758 821 814 apparatum

57 819 232 884 abstulissent,
243 819 356 870 constitit
365 822 431 869 inter
440 815 594 884 haruspices,
605 831 669 880 quae
679 815 822 884 periculosa

58 900 84 939 et
94 889 202 939 adversa
221 885 370 937 sacrificanti
390 880 537 948 denuntiata
554 891 650 944 essent,
679 892 770 930 cuncta
793 882 821 930 in

58 958 67 1008 i
87 972 129 1004 sos
138 968 263 1016 recasura,
278 954 322 1021 qui
333 965 391 1002 exta
400 951 533 1001 habereut.
544 951 634 1015 Neque
644 947 717 998 aliter
728 949 820 997 evenit.

26 1043 31 1046 ·
47 975 148 1074 ,liiidie
158 1037 237 1087 quam
248 1018 410 1071 Siciliensem
420 1017 536 1085 pugnam
548 1017 626 1066 classe
642 1017 821 1078 committeret,

58 1087 236 1140 deambulanti
247 1086 274 1137 in
282 1078 367 1142 iittore
378 1086 454 1152 piscis
465 1101 478 1133 e
493 1083 560 1134 mari
570 1080 690 1148 exsiluit,
701 1094 726 1131 et
735 1080 768 1130 tul
778 1087 823 1146 pe·

59 1155 106 1207 det
117 1157 202 1219 iacuit.
223 1151 305 1222 Apud
314 1151 418 1202 Actium
427 1148 592 1200 descendenti
602 1148 628 1197 in
638 1151 719 1198 aciem
730 1147 822 1196 asellus

7 1210 14 1226 ⁹
58 1222 241 1275 cumacinario
251 1220 374 1284 occurrit:
393 1217 527 1286 Eutychus
536 1215 654 1277 llomiffi,
672 1205 766 1264 Bestiae
776 1212 822 1262 Ni·
897 1219 911 1239 ³

58 1309 109 1342 con
124 1301 179 1340 erat
193 1285 298 1341 nomen.
327 1285 469 1350 Vtriusque
482 1285 651 1336 simulacrum
666 1296 775 1332 aeneum
786 1279 824 1330 vi-
903 1323 907 1338 ,

58 1372 115 1409 ctor
125 1359 212 1425 posuit
221 1357 249 1406 in
258 1354 371 1423 templo,
390 1353 419 1402 in
434 1349 505 1420 quod
519 1354 660 1423 cusuorum
669 1347 823 1398 suorumlo·

59 1443 121 1476 cum
133 1426 218 1476 vertit.
261 1470 265 1477 ,
539 1447 544 1454 ·
565 1461 571 1469 ,

111 1482 220 1543 XCVIi.
240 1482 313 1540 Mors
324 1483 426 1554 quoque
436 1485 500 1546 eius,
521 1482 553 1534 tle
564 1501 614 1560 qua
625 1479 720 1534 dehinc
730 1479 823 1544 dicam,

53 1552 235 1623 'divinitasque
243 1567 422 1624 postmortem
432 1549 632 1601 evidentissimis
639 1550 742 1598 ostentis
749 1555 824 1614 prie-
905 1595 909 1602 ,

59 1626 165 1694 cognita
185 1635 231 1675 est.
261 1625 353 1690 Quum
367 1621 478 1670 lustrum
492 1616 519 1666 in
529 1633 618 1684 campo
628 1617 721 1666 Martio
732 1631 823 1680 magna
850 1615 854 1620 '

58 1687 307 1763 populilrequentia
318 1684 452 1748 conderet,
470 1682 556 1750 aquila
575 1698 637 1731 eum
655 1679 753 1746 saepius
774 1683 824 1728 clr-

59 1757 233 1820 cumvolsvit,
251 1769 320 1806 trans
352 1753 458 1821 ossaque
468 1753 495 1801 in
506 1751 619 1801 vicinam
628 1746 727 1812 sedem,
746 1763 822 1813 super

59 1846 159 1881 nornen
166 1815 297 1896 Agrippae
307 1841 321 1872 a
344 1819 462 1902 primaru
470 1817 583 1868 litteram
594 1812 670 1866 sedit:
681 1831 732 1882 quo
743 1815 824 1864 anim-

60 1896 180 1958 adverso,
191 1891 259 1954 vota,
270 1887 334 1958 quae
344 1907 370 1939 sn
383 1890 386 1895 ’
399 1887 531 1937 mximum
539 1886 651 1933 lustrum
661 1881 755 1948 suscipi
765 1897 823 1934 mos
900 1900 903 1906 ·

62 1975 110 2026 est,
120 1962 248 2028 collegam
262 1953 339 2008 suurn
348 1907 486 2006 Tiieuum
495 1967 646 2018 nuncupare
657 1949 742 2000 iussit:
762 1966 825 1998 nam
852 1947 855 1953 ’
878 1995 883 2003 ,
896 1993 900 2012 ,

60 2048 104 2094 se,
113 2043 273 2098 quamquam
282 2023 432 2091 conscriptis
442 2023 586 2088 paratisque
599 2020 651 2088 iam
662 2015 768 2077 tabulis,
779 2031 825 2064 ne-

60 2099 134 2166 garit
143 2090 399 2161 suscepturum,quae
409 2107 462 2138 non
473 2098 538 2138 esset
543 2085 681 2136 soluturus.
692 2082 748 2133 Sub
754 2081 824 2132 idem

62 2177 166 2232 tempus
176 2160 229 2216 ictu
238 2157 357 2212 fulminis
367 2174 399 2208 ex
409 2153 573 2223 inscriptione
582 2163 676 2202 statuae
683 2149 737 2201 eius
743 2151 839 2217 prim.

60 2231 178 2285 nominis
187 2231 274 2280 litters
284 2227 386 2276 effluxit.
404 2218 566 2290 Responsum
569 2229 624 2282 est,
643 2229 747 2268 centum
760 2217 828 2266 solos

62 2296 122 2352 (lies
130 2297 238 2369 posthac
247 2295 391 2356 victurum,
407 2307 487 2356 quem
495 2303 637 2340 numerum
647 2283 669 2333 C
687 2285 769 2334 littera
780 2297 827 2333 no·

63 2380 146 2429 taret,
156 2366 338 2428 futurumque,
351 2371 381 2409 ut
390 2361 457 2408 inter
467 2353 529 2408 (lens
539 2353 683 2418 referretur,
694 2347 765 2418 quod
774 2351 830 2401 Ae-

64 2431 129 2497 sstr,
139 2433 168 2486 id
178 2443 230 2495 est,
249 2431 347 2495 reliqua
357 2443 415 2496 pars
425 2442 439 2473 e
451 2421 576 2475 Caesaris
586 2418 699 2482 nomine,
718 2417 828 2468 Etrusca

63 2501 157 2570 lingna
166 2490 239 2549 Deus
248 2493 391 2548 vocaretur.
419 2492 557 2545 Tiberium
566 2487 646 2554 igitur
654 2480 828 2552 in'lllyrictun

65 2568 222 2622 dimissurus
233 2576 258 2616 et
267 2564 444 2614 Beneventum
454 2573 535 2628 nsque
545 2561 734 2623 prosecuturus,
746 2553 830 2614 quu'm

66 2635 272 2706 interpellatores
282 2631 338 2682 uiis
347 2639 423 2696 atque
432 2624 488 2677 eliis
499 2623 594 2672 caussis
609 2619 637 2668 in
653 2620 710 2669 iure
719 2612 830 2664 dicendo

65 2701 226 2765 istium,
235 2698 388 2763 cudamus
396 2693 513 2762 (quoles
521 2691 609 2756 ipsunt
618 2699 678 2736 mox
687 2681 830 2736 interemi-
