2092 3059
42 298 148 367 sionem
165 298 316 353 omitterent
333 301 555 369 ἰηῳποςιιῖιφιο,
570 293 668 371 ’δι’ςαι
676 303 807 356 occasions

7 370 11 378 '
43 368 225 433 loquerentur,
244 365 360 435 'expressa
374 370 623 421 cruciuuconfessie
633 372 715 421 essen

96 432 145 484 XI.
162 430 276 485 Accessit
290 432 324 484 ad
342 446 413 485 unta
431 433 590 487 discrimini
598 453 669 487 mors
683 431 807 497 Vindicis,

7 526 8 529 =
43 516 96 571 qua
111 500 225 550 maxime
243 512 427 565 consternatus,
447 500 621 567 destitutoque
631 504 732 563 similis,
753 520 808 559 non

42 566 161 617 multum
171 562 243 629 aicit,
263 569 327 633 quin
338 566 407 617 'vitae
418 570 585 617 renuntiaret.
619 566 672 615 Sed
686 586 808 634 superre-

44 630 177 683 nientibru
196 632 229 681 ab
254 632 460 695 urbeffnuutiis,
487 644 516 682 ut
535 634 649 682 occisum
669 632 809 695 Neronem,

43 706 202 765 cunctosque
222 699 251 748 in
271 696 348 749 verba
365 714 412 749 sus
426 699 674 763 iurasseeognovit,
693 698 808 763 deposita

44 765 151 833 legati
167 766 282 830 suscepit
308 765 434 815 Caesarie
451 765 661 829 apellationem.
704 762 808 829 lterquc

46 832 182 897 ingressus
197 843 235 881 est
249 828 393 897 paludatus,
413 846 448 881 so.
480 830 649 896 spondentes
668 829 810 881 cervicibus

44 899 162 965 pugione
172 908 230 948 ante
240 908 330 963 pectus
336 932 344 959 ,
364 912 412 952 nac
419 896 491 963 prins
502 912 580 947 usum
588 908 664 961 togae
673 913 808 963 recupera·
878 952 880 958 ,

7 1004 11 1013 ,
45 966 93 1025 vit,
103 980 182 1032 qnam
192 964 330 1029 oppressis,
341 963 386 1027 qui
397 980 474 1013 novas
485 978 524 1011 res
535 963 718 1023 moliebantur,
734 981 809 1031 prae·

45 1030 114 1080 fecto
125 1031 243 1095 praetorii
254 1028 413 1097 Nymphidio
424 1028 521 1080 Sabino
536 1021 643 1079 namsi:
661 1027 688 1079 i'n
698 1032 808 1081 Germa·

45 1097 89 1149 nia
98 1096 208 1163 Fonteio
218 1093 354 1161 Capitone:
366 1096 394 1145 in
408 1091 491 1147 Airica
502 1094 595 1147 Clodio
606 1098 694 1154 Macro
705 1099 804 1163 legatis.

97 1158 161 1211 XII.
172 1160 344 1221 Praecesserat
353 1162 386 1213 de
395 1180 426 1213 eo
436 1164 504 1213 fama
510 1163 630 1211 saevitiae
640 1165 807 1228 simulatque

46 1228 167 1289 avaritiae
175 1246 183 1297 a
200 1226 271 1292 quod
280 1230 394 1280 civitates
408 1229 591 1296 Hispaniarum
600 1230 808 1293 Galliarumque,

46 1312 115 1359 quae
133 1295 296 1344 cunctantius
317 1296 367 1345 sibi
385 1308 560 1354 accesserant,
584 1298 743 1361 gravioribus
763 1296 809 1344 tri-
864 1304 870 1312 ‘
952 1299 959 1313 ⁸

44 1358 124 1425 butu,
145 1360 270 1429 quasdun
291 1364 369 1412 etiam
387 1377 526 1413 murorum
540 1360 808 1427 ‹lestructionepunis-

45 1438 96 1479 set:
116 1440 142 1477 et
154 1430 310 1493 praepositos
328 1442 557 1495 procuratoresque
576 1446 624 1494 sup
644 1428 703 1477 licio
718 1428 812 1493 capitis.

33 1494 170 1557 ,affecisset
179 1510 240 1543 cum
250 1494 399 1561 coniugibus
408 1512 438 1543 ac
447 1496 545 1544 liberis:
564 1512 616 1559 quo
635 1511 685 1559 que
696 1494 809 1544 oblatam

45 1558 306 1613 &Tarraconensibus
317 1578 330 1612 e
341 1572 425 1610 vetere
435 1560 534 1625 templo
544 1560 613 1609 Iovis
622 1577 743 1610 coronam
762 1566 809 1608 au-
890 1556 898 1564 '

44 1641 118 1677 ream
133 1626 260 1681 librarum
270 1627 422 1693 quindecim
441 1628 581 1686 conflasset,
601 1642 631 1678 nc
647 1637 699 1674 ucs
712 1626 808 1682 uncias,

48 1709 114 1759 quae
134 1694 244 1761 ponderi
263 1694 377 1755 deerant,
398 1694 510 1742 iussisset
532 1690 609 1757 exigi.
643 1692 681 1741 Ea
696 1692 767 1739 lama
782 1700 809 1739 et

45 1760 196 1809 confirmata
216 1772 242 1817 et
261 1773 334 1811 aucta
344 1772 391 1821 est,
411 1769 440 1813 ut
458 1757 572 1825 primum
592 1756 685 1814 urbem
702 1757 807 1805 introiit.

44 1826 68 1877 N
71 1842 114 1874 am
125 1842 207 1891 quum
216 1827 365 1891 classiarios,
383 1842 449 1890 quos
459 1825 533 1875 Nero
539 1842 568 1875 ex
577 1824 716 1888 remigibus
726 1824 808 1871 iustos

44 1894 144 1941 milites
154 1894 264 1955 fecerat,
283 1893 368 1943 redire
381 1892 415 1943 acl
430 1890 568 1959 pristinum
587 1902 684 1939 statum
693 1900 806 1954 cogeret:

44 1969 202 2018 recusantes,
221 1971 296 2023 atque
307 1960 412 2023 insuper
421 1960 543 2021 aquilam,
563 1968 590 2006 et
604 1958 679 2023 signa
696 1955 809 2022 pertinc-

44 2026 262 2087 ciusllagitantes,
281 2020 341 2083 ‚non
360 2024 440 2077 modo
459 2024 575 2073 immisso
595 2027 680 2088 equite
700 2021 807 2081 disiecit,
837 2073 841 2082 Κ

43 2088 91 2143 sed
106 2090 245 2143 decimavit
264 2092 350 2141 etiarn.
384 2088 450 2141 Item
466 2090 659 2141 Germanorum
674 2086 808 2139 cohortem

42 2154 227 2215 aCaesaribus
242 2158 306 2208 olim
325 2154 358 2207 ad
373 2152 516 2207 custodiam
534 2154 646 2223 corporis
665 2149 810 2205 institutam.
860 2208 883 2222 ..
937 2178 946 2193 ι

43 2221 189 2287 multisque
208 2224 387 2289 experimentis
407 2220 599 2283 fidelissimam,
621 2220 755 2280 dissolvit,
778 2234 810 2275 ac

7 2308 12 2314 ·
43 2290 104 2342 sine
114 2292 171 2341 ullo
181 2287 318 2341 commodo
328 2290 428 2341 remisit
437 2291 465 2339 in
474 2290 595 2353 patriama
612 2286 684 2353 quasi
694 2284 743 2337 Cn.
753 2286 810 2337 Dor

44 2354 166 2419 labellis,
184 2357 254 2408 iuxta
264 2356 335 2405 cuius
344 2354 432 2406 hortos
441 2354 571 2416 tendebat,
582 2354 739 2420 proniorem.
758 2352 810 2403 111·

43 2426 151 2490 qnoque
166 2437 260 2473 ruens
275 2425 308 2479 etl
323 2422 401 2485 laiso,
425 2428 478 2489 per'
484 2419 631 2470 ludibrium
643 2421 810 2480 laetabantur,

42 2487 163 2556 apposita
171 2491 280 2539 lautiore
290 2504 370 2541 coena
385 2485 541 2553 ingemuisse
551 2502 622 2535 euru.
657 2482 693 2536 Et
707 2485 813 2535 ordina·

42 2558 86 2609 rio
96 2556 204 2621 quidem.
214 2554 382 2621 dispensatori
392 2552 552 2605 breviarium
561 2554 694 2603 rationum
701 2552 813 2599 ollereu·
860 2587 868 2597 .

44 2622 79 2685 ti,
99 2620 264 2691 parapsidem
272 2622 415 2689 leguminis
428 2636 477 2686 pro
487 2618 622 2671 sedulitate
631 2633 662 2666 ac
678 2610 814 2679 diligentia

43 2688 202 2765 porrexisse
220 2685 309 2748 ⁴Cotto
329 2696 416 2745 sutem
437 2684 588 2745 choraulas.
615 2682 682 2740 miro
702 2677 809 2745 puisun
