2092 3059
200 192 206 197 ·
259 134 561 263 berettus
703 132 707 136 ’
787 183 842 253 tt,

58 280 133 341 rent,
145 276 240 329 indicio
250 276 374 341 detectas,
390 282 552 349 compressit,
563 280 625 331 alias
637 282 686 333 alio
697 256 825 351 tempore:

58 346 154 415 Lepidi
164 346 276 411 iuvenis,
296 347 389 399 deinde
399 349 521 401 Varronis
536 350 675 411 Murenae,
696 362 721 399 et
730 350 826 400 Fannii

59 415 111 467 Cae
132 414 212 474 ionis,
223 432 285 467 mox
296 416 334 466 M.
349 416 464 481 Egnatii,
481 418 539 467 exin
548 414 642 468 Plautii
651 418 720 479 liuii,
740 419 827 469 Lucii·

58 434 221 549 quePPsulli,
232 487 370 551 progeneri
380 485 433 545 sui,
453 500 482 533 ao
493 495 595 551 praeter
604 483 657 548 bas,
666 486 698 537 L·
708 482 826 546 Audasii,

60 546 187 601 falsarum
196 548 341 600 tabularum
352 553 404 612 rei,
424 566 453 601 ac
469 567 554 617 neque
564 562 656 612 aetate,
676 568 760 617 neque
770 567 827 601 eor·

58 634 137 735 pore,
148 616 254 682 integrit
273 615 336 665 item
345 616 429 667 Asinii
439 618 556 683 Epicadi,
567 634 598 667 ex
609 627 683 683 gente
694 618 825 679 Parthina,

76 684 197 753 ybridae:
217 682 250 733 ad
265 696 409 733 extremum
420 684 545 749 Telephi,
565 686 681 735 mulieris
697 687 763 736 servi
778 702 826 735 no·

57 751 252 803 mencnlatoris·
281 751 349 801 Nam
359 768 392 801 ne
407 750 513 801 ultimae
528 750 634 817 quidem
647 755 721 802 sortis
740 746 826 801 horni-
865 804 868 807 ,

57 836 126 869 num
148 818 337 883 oouspiratione
347 830 372 867 et
405 816 501 867 ericnlo
516 818 605 867 cartut.
635 816 766 869 Audasius
786 831 824 869 at·

60 902 112 951 que
122 884 252 952 Epicadus
263 886 357 936 Iuliam
372 836 453 935 uitam
467 896 492 934 et
501 882 645 953 Agrippam
655 898 776 954 nepotem
794 904 824 942 ex

58 954 168 1014 insulis,
189 952 281 1017 quibus
301 951 508 1012 continebantur,
530 968 620 1017 rapere
639 952 672 1002 ad
691 954 824 1015 exercitus,

57 1018 204 1086 Telephus,
215 1024 286 1087 quasi
296 1018 383 1069 debita
394 1018 443 1071 sihi
454 1020 504 1069 sato
514 1017 696 1081 dominafione,
702 1032 728 1070 et
737 1022 824 1088 ipsum

58 1098 85 1136 et
96 1085 224 1137 Senatum
234 1085 340 1153 aggredi
351 1084 549 1138 destinaverant.
599 1088 644 1135 uin
654 1088 731 1137 etiarn
742 1104 825 1153 quon-

59 1154 137 1217 dam,
157 1155 227 1203 iuxta
237 1155 385 1205 cubiculum
394 1154 462 1215 eius,
477 1154 584 1220 linqui
618 1170 658 1215 m,
678 1152 824 1221 exlllysioo
903 1198 905 1200 ,

58 1222 189 1281 exercitu,
209 1220 358 1274 ianitoribus
369 1220 496 1288 deceptis,
516 1231 594 1269 noctu
604 1219 778 1287 deprehensus
787 1233 826 1271 est

58 1290 145 1338 cultro
156 1292 285 1339 venatorio
295 1288 403 1339 cinctus:
414 1288 532 1355 imposne
541 1288 647 1349 mentis,
664 1304 697 1336 an
707 1288 826 1338 simulata

59 1354 207 1420 dementia,
223 1356 360 1407 incertum.
390 1354 463 1407 Nihil
474 1354 547 1405 enim
554 1354 664 1424 exprimi
675 1357 825 1423 quaestione

76 1424 155 1474 otuit.
251 1474 255 1481 ,
349 1458 360 1465 ,

57 1440 75 1491 p
109 1488 168 1541 XX.
179 1490 291 1545 Externa
301 1492 371 1544 bella
380 1488 433 1541 duo
444 1488 551 1541 omnino
562 1506 609 1559 pet
617 1506 644 1540 se
655 1492 741 1558 gestit,
760 1490 826 1543 nat-

57 1559 197 1620 malicum,
207 1560 353 1610 adolescent
364 1558 462 1609 adhuc:
472 1570 506 1620 et,
515 1554 627 1607 Antonio
636 1555 746 1617 deuicto,
757 1554 825 1608 Can-

58 1626 200 1677 tabricum.
220 1626 362 1677 Dalmatico
374 1626 452 1675 etiam
461 1625 568 1674 vulnera
578 1625 690 1689 excepit,
709 1640 761 1673 una
771 1626 823 1673 acie

58 1693 180 1745 duarum
191 1710 259 1761 genu
269 1692 355 1761 lapide
365 1693 444 1757 ictus;
464 1692 543 1741 altera
562 1700 687 1739 autemst
706 1705 777 1753 crus,
798 1701 824 1740 et

57 1772 203 1827 utrumque
212 1760 360 1821 brachium,
375 1760 449 1809 ruina
459 1758 551 1825 pontis,
561 1759 761 1808 comacinas·
775 1758 824 1809 Re-

57 1830 133 1893 liqua
143 1844 192 1895 per
200 1828 299 1894 legatos
310 1827 512 1888 administravit,
521 1836 552 1874 ut
561 1834 648 1874 tamen
659 1824 823 1891 quibusdam,

57 1893 216 1945 Pannonicis
226 1895 477 1963 atqueGermaniois,
488 1904 532 1943 atat
541 1893 713 1955 interveniret,
720 1904 823 1944 autnon

57 1964 138 2029 longe
149 1962 259 2022 abesset,
278 1964 428 2013 Ravennam
444 1962 487 2011 tel
496 1958 678 2012 Mediolanum
688 1962 729 2011 sel
739 1959 824 2027 Aqui-

57 2030 137 2079 leiam
148 2046 229 2095 usque
239 2027 271 2079 ab
281 2031 344 2081 urbe
353 2024 529 2097 progrediens.

108 2093 181 2147 XXI·
192 2097 302 2149 Domuit
311 2109 397 2147 autem
406 2096 501 2163 partlm
511 2094 592 2146 ductu
597 2097 696 2175 partim
706 2094 823 2163 auspiciis
894 2134 899 2145 .
953 2100 958 2107 “

57 2156 110 2213 suis
131 2160 309 2226 Cantabriam,
328 2164 505 2230 Aquitaniam,
526 2162 696 2223 Pannoniam,
715 2164 826 2215 Dalma-

58 2232 130 2293 tiam,
141 2244 202 2280 eum
211 2232 316 2298 Illyrico
326 2234 409 2282 omni:
428 2231 491 2279 item
505 2228 651 2292 Rhoetiam,
669 2230 836 2282 etViudelb'

58 2312 114 2359 eos,
125 2312 155 2347 ac
165 2296 284 2361 Salassos,
306 2310 394 2365 gentes
407 2296 545 2363 Inalpinas.
574 2295 695 2348 Coircuit
705 2310 730 2348 et
740 2298 824 2350 Daco-
842 2318 847 2328 ·

57 2380 118 2413 runs
140 2364 313 2426 incursiones,
333 2365 414 2415 tribus
424 2371 514 2413 eorum
524 2362 635 2413 ducibus
649 2380 710 2414 curn
728 2377 824 2430 magua

60 2432 132 2498 copia
143 2437 233 2493 eaesis,
249 2432 445 2498 Germanosque
457 2431 523 2481 ultra
532 2428 624 2481 Albim
632 2434 743 2482 ssusistm
753 2451 823 2483 surus·

59 2501 156 2573 novit-z
176 2500 311 2565 exquibus
324 2500 419 2562 Vbios,
440 2510 465 2549 et
476 2493 635 2565 Sigambros,
654 2497 779 2549 dedentes
788 2516 824 2559 se,
881 2536 890 2553 .
932 2503 941 2560 ζ

60 2565 175 2617 traduxit
194 2570 221 2617 in
241 2566 367 2631 Galliam,
386 2580 462 2641 atque
483 2568 511 2617 in
521 2567 646 2634 proximis
655 2566 748 2616 Rheno
756 2567 824 2629 agris
890 2622 895 2628 ,

59 2634 206 2685 eollocavit.
235 2632 307 2685 Alias
324 2636 389 2685 item
398 2634 514 2684 nationes
524 2636 593 2684 male
602 2634 700 2697 quietas
710 2630 743 2681 ad
753 2632 825 2681 obse

18 2730 32 2749 a
61 2703 151 2766 quium
163 2700 274 2770 redegit.
294 2702 349 2754 Nee
358 2702 406 2753 ulli
418 2702 488 2766 genti
498 2699 552 2752 sine
562 2700 824 2750 iustiaetneeessariis
858 2696 865 2703 '
923 2768 927 2771 ῃ

608 2765 660 2813 lla
