2092 3059
312 162 569 233 OCTAVIVS.
727 169 730 177 “
786 176 823 232 63

8 324 9 327 ¹
54 266 110 330 nio,
115 268 236 336 spectare
245 266 322 321 ludos
334 288 347 321 e
357 270 554 337 quatuordecim
563 287 616 326 non
625 269 758 334 auderent,
767 286 823 322 nae·

52 346 86 385 tu·
92 354 192 403 poenae
199 337 345 399 theatralis3
365 342 555 407 pronuntiauit,
564 356 617 389 non
627 338 706 391 teneri
715 358 752 402 ea,
764 341 822 405 qui·

51 400 103 452 bus
124 402 202 471 ipsis,
233 406 427 472 parentibusue,
458 418 574 474 equester
593 422 685 458 centus
703 423 820 472 unquam

52 470 153 521 fuisset.
183 468 278 539 Populi
288 471 424 523 recensum
434 476 538 526 vicatim
549 476 616 541 egit:
635 492 676 532 ac,
696 490 730 523 ne
745 472 819 540 plebs

8 580 9 601 ,
31 597 35 603 ,
51 536 284 589 frumentationum
295 556 381 591 caussa
391 534 552 606 frequentius
562 561 575 591 a
585 540 693 607 negotiis
702 556 819 591 avocare·

7 608 9 627 ³
51 615 109 664 tur,
120 616 160 654 ter
169 605 197 654 in
208 623 319 668 annum,
339 607 493 672 qnaterndm
503 607 634 657 mensium
642 618 748 657 tesseras
758 604 819 656 dare

51 669 202 723 destinavit:
230 673 277 723 aed
295 672 451 725 desideranti
471 673 684 723 consuetudinem
704 684 819 722 veterem

51 742 179 791 concessit
188 756 284 802 rursus,
291 752 321 789 ut
329 742 368 790 sui
380 741 505 807 cuiusque
520 741 615 789 mensis
624 740 756 806 acciperet.
765 738 819 789 Co·

50 808 188 856 mitiorum
199 823 301 873 quoque
311 810 447 873 pristinum
458 810 497 857 ius
507 807 622 869 reduxit3
640 823 679 867 se,
688 806 818 871 multiplis
849 836 855 843 -

50 873 73 920 ci
104 888 170 923 oens
181 876 291 924 coercito
307 876 413 934 ambitu,
432 876 552 927 Fabianis
570 886 596 925 et
615 872 816 942 Scaptiensibus,

49 891 193 991 tribulibus
203 944 267 1003 suis,
288 941 331 991 die
347 942 522 1005 comitiorum,
543 943 650 1007 nequid
661 960 674 993 a
684 957 817 1007 quoqutm

49 1005 189 1058 candidato
209 1006 399 1072 desiderarent,
414 1012 516 1077 singula
535 1010 619 1059 millia
629 1008 743 1059 numbm
758 1026 773 1057 a
788 1023 817 1058 sc

50 1072 202 1131 dividebat·
225 1074 312 1141 Magni
323 1089 452 1143 praeterea
462 1076 619 1139 existimans,
640 1079 770 1125 sincerum
779 1086 817 1125 at·
900 1123 903 1129 ,
931 1114 935 1122 .

50 1158 101 1207 qne
111 1141 145 1191 ab
155 1144 228 1193 omni
241 1144 385 1195 colluvione
395 1145 524 1213 peregrini
536 1160 566 1192 ac
575 1145 673 1194 servilis
683 1144 817 1209 sanguinis

50 1211 232 1276 incorruptum
242 1226 342 1261 servare
352 1213 490 1280 populum:
502 1223 528 1261 et
535 1211 663 1261 civitatem
672 1211 816 1259 Romanam

50 1277 201 1341 parcissime
221 1276 307 1341 dedit,
328 1290 353 1328 et
366 1277 566 1329 manumittendi
575 1279 685 1329 modum
695 1274 817 1326 termina·

49 1344 95 1393 vit.
126 1344 242 1407 Tiberio,
246 1362 307 1463 sm
326 1346 419 1397 cliente
430 1346 531 1397 Graeco
547 1347 657 1412 petenti,
677 1344 824 1410 rescripsit,

49 1410 112 1460 Nou
123 1410 240 1463 aliterue
263 1422 377 1476 uturum,
384 1431 464 1485 quam
473 1414 499 1463 ei
504 1429 636 1481 praeseus
644 1412 816 1481 aibipereuu·

47 1478 139 1539 sisset,
155 1496 236 1549 quam
252 1481 340 1531 iustas
346 1483 457 1549 petendi
466 1497 577 1531 caussae
587 1479 708 1531 haberet·
728 1480 763 1529 Et
771 1480 815 1529 Li·

48 1546 119 1609 viae,
137 1564 185 1613 pro
195 1545 308 1614 quodam
317 1548 450 1598 tributario
461 1548 539 1598 Gallo
549 1549 665 1612 roganti,
686 1546 816 1596 civitatem

47 1616 165 1680 negavit,
176 1614 370 1665 immunitatem
380 1615 485 1665 obtulit:
505 1612 643 1675 affirmans,
662 1610 817 1679 Sefcciliut

45 1696 197 1740 caesuriem,
206 1678 277 1746 fisco
288 1681 394 1732 detrahi
405 1680 517 1749 aliquid,
538 1679 814 1749 quameioitatieRo·

46 1764 146 1798 manae
156 1748 270 1818 vulgari
278 1744 412 1800 honorem.
428 1748 531 1806 Servos,
536 1757 589 1795 non
600 1747 814 1803 contentus,mnl-

47 1818 78 1865 tis
89 1814 284 1866 difficultatibus
294 1836 309 1867 a
318 1816 434 1865 libertate
452 1827 476 1865 et
487 1814 572 1863 multo
581 1813 699 1880 pluribus
711 1831 725 1863 a
734 1812 814 1865 liber-

46 1893 96 1932 tnte
108 1885 175 1932 iusta
185 1884 336 1934 removisset
356 1899 439 1949 quum
449 1894 474 1933 et
484 1882 516 1933 de
526 1895 636 1931 munero
646 1891 672 1929 et
681 1879 714 1929 de
723 1881 814 1932 condi·

48 1951 118 1999 tione
129 1966 159 2000 rc
167 1948 307 2001 differentia
318 1967 421 2010 eorum,
442 1949 486 2015 qui
500 1947 749 2011 manuteneatur,
768 1964 815 1998 cu-

46 2018 115 2066 riose
124 2018 241 2067 coiisset:
262 2017 311 2067 hoc
321 2034 423 2083 quoque
434 2017 533 2077 adiecit,
543 2032 576 2064 ne
589 2013 686 2064 vinetus
696 2032 813 2081 unquam

46 2094 162 2135 tortusue
173 2084 230 2149 quie
240 2086 294 2135 ullo
305 2086 425 2135 libertatis
437 2100 532 2149 genere
547 2084 676 2133 civitatem
690 2081 814 2149 adipisce·

45 2162 125 2202 retur.
156 2152 244 2203 Etiam
253 2152 372 2202 habitum
406 2156 577 2217 vestitumque
587 2149 725 2216 pristinum
733 2152 807 2201 redo

45 2233 101 2266 cere
112 2216 221 2269 studuit.
241 2216 280 2268 Ac
290 2223 343 2271 visa
358 2218 490 2286 quondam
505 2236 553 2285 pro
568 2219 692 2267 concione
702 2219 812 2283 pullato-

44 2300 104 2335 rum
114 2285 199 2349 turba,
210 2286 432 2353 indignabundus,
444 2300 470 2338 et
479 2286 621 2346 clamitans,
638 2288 689 2346 Bu,
700 2288 743 2347 ait,

78 2356 227 2416 Romanos,
239 2372 326 2405 rerum
336 2356 463 2418 dominos,
473 2363 631 2425 gemensque
641 2362 776 2422 togatam.
855 2390 859 2397 -
923 2372 930 2383 ⁶

44 2419 190 2487 Negotium
201 2422 328 2473 aedilibus
340 2422 424 2486 dedit,
444 2438 569 2487 nequem
579 2420 683 2487 posthac
693 2432 806 2487 pateren-

45 2498 84 2567 tur
94 2491 123 2538 iu
134 2490 156 2540 F
158 2506 203 2538 ouo
215 2489 331 2555 Circove,
341 2483 391 2540 nidi
402 2489 490 2558 positis
500 2491 618 2552 lacernis,
624 2499 741 2556 togatum
749 2504 811 2537 oon·

44 2569 166 2675 millii.
186 2624 380 2690 Liberalitatem
391 2624 510 2675 omuibus
521 2601 663 2683 ordinibus,
683 2635 810 2689 perseca-

45 2690 136 2759 tiones,
144 2692 293 2759 frequenter
303 2692 430 2745 exhibuit.
439 2694 514 2750 Nam
522 2706 554 2755 et,
560 2695 658 2741 invecta
666 2686 810 2745 ,urbinus-
884 2730 889 2747 ,
