2092 3059
214 166 252 231 54
445 158 476 213 c.
497 156 743 215 sruroutr

215 283 266 333 que
272 262 494 333 pecuniosioribus
503 262 613 312 indictos
623 276 653 311 se
666 262 723 311 sine
742 274 817 311 mors
834 259 979 310 manumis-

215 350 268 396 sos,
288 332 337 381 sub
347 333 431 399 priore
441 330 534 380 vexillo
544 328 647 387 babuit,
667 344 751 394 neque
769 338 814 378 aut
830 325 980 378 commistos

215 416 277 451 cum
287 400 417 465 ingenuis,
427 409 471 447 ant
482 396 575 446 eodem
585 393 663 445 modo
673 407 793 460 armatos·
821 393 899 453 Dona
909 395 981 444 mili-

203 469 286 529 ‘uria
306 468 437 532 eliquanto
448 462 547 515 facilius
556 462 793 529 phaleraetorques,
815 472 840 511 et
851 459 984 527 quidquid

189 558 190 561 ¹
214 549 278 585 euro
288 546 445 600 argentoque
457 542 592 597 constaret,
613 547 692 595 quam
702 530 809 581 vallares
819 544 848 577 ae
865 528 980 577 murales

214 616 327 661 coronas,
338 618 403 667 quae
415 600 511 649 honore
521 599 714 665 praecellerent,
734 595 822 647 debat:
841 594 888 645 has
900 611 982 660 quam

213 668 366 737 parcissime,
378 678 403 717 et
414 668 468 717 sine
479 664 629 723 ambitione,
650 681 680 714 ec
689 679 765 730 saepe
775 663 854 725 etiam
863 663 980 727 caligatis

165 785 169 793 ,
214 732 314 785 tribuit
326 793 328 799 Ι
342 732 381 785 Μ.
390 733 539 801 Agrippam
548 734 576 781 iu
588 730 676 781 stuta
690 742 750 797 post
764 729 883 781 navalem
896 732 981 779 ricto-

213 795 980 863 rismoeeruleovexillodonevit.Solostriumphalesqmm-

172 910 174 917 .
215 886 294 935 qnam
305 880 330 919 et
339 870 420 920 socios
430 865 624 935 expeditionum
630 877 656 914 et
664 866 800 932 participes
814 862 982 913 victoriarum

214 953 329 997 suerum,
341 952 484 1001 numquam
495 932 572 983 donis
582 931 767 1001 impertiendos
778 932 891 999 putarit:
908 929 981 996 quod

214 1002 264 1069 ipsi
274 1019 376 1069 quoque
385 1004 426 1052 ius
436 1002 585 1052 habuissent
600 998 731 1051 tribuendi
740 1017 790 1063 ea,
810 998 906 1065 quibus
924 998 981 1047 vel-

214 1070 279 1120 lent.
299 1070 375 1121 Nihil
385 1080 471 1133 autem
481 1068 570 1119 minus
579 1071 606 1117 iu
615 1067 730 1138 perfeeto
740 1064 813 1124 duee,
820 1082 901 1129 quam
909 1064 979 1114 lesti-

98 1146 102 1155 '
214 1138 348 1188 nationem
357 1137 578 1202 temeritatemque
586 1135 723 1187 contenire
732 1130 982 1185 arbitrabuntu-

119 1248 126 1253 .
171 1238 181 1259 ,
214 1202 358 1269 br0itsque
370 1203 414 1253 illa
424 1204 543 1255 iactabat:

155 1304 157 1311 ι
249 1270 351 1321 Σπεῦδσ
361 1268 489 1339 βραδέως,
520 1280 547 1320 et
722 1311 732 1317 .

158 1396 162 1401 ,
246 1333 433 1405 Ἀσφαλὴςγὰρ
445 1332 626 1403 ἐστ’ἅμιίνων,
645 1331 821 1404 &Opotoura
837 1331 981 1400 ατηλᾶτης.
1007 1374 1011 1381 .

147 1438 151 1441 -
216 1416 242 1455 et
251 1442 258 1468 ,
268 1407 318 1456 Sat
328 1404 449 1455 celeriter
451 1403 527 1470 fieri,
538 1398 727 1474 quidquidfiut
735 1404 807 1455 satis
814 1350 889 1454 dene.
900 1402 983 1455 Proe-

190 1510 194 1524 ,
214 1470 284 1523 lium
293 1472 402 1540 quidem
410 1484 454 1522 aut
464 1471 563 1523 bellum
573 1470 769 1537 suscipiendum
778 1472 886 1522 omniuo
902 1487 982 1538 nega·

214 1538 267 1602 bet,
277 1540 333 1601 nisi,
345 1544 427 1607 quum
437 1541 519 1590 maior
529 1537 698 1589 emolumenti
716 1556 775 1606 spes
790 1556 869 1605 quam
889 1537 981 1588 damni
1033 1535 1034 1540 ’

170 1609 171 1612 ’
214 1619 299 1659 metus
309 1603 493 1658 ostenderetur.
523 1607 711 1666 Namminima
720 1606 922 1657 commodanon
931 1606 981 1656 mi·

214 1675 286 1727 trimo
295 1683 431 1726 sectantes
440 1674 605 1734 discrimine,
626 1672 728 1723 similes
739 1673 822 1723 aiebat
831 1689 980 1724 esseaureo

121 1756 124 1761 ·
214 1738 293 1793 bomo
299 1740 483 1809 piscantibus:
504 1742 582 1791 cutus
596 1738 706 1809 abrupti
713 1740 839 1792 domnum
848 1733 983 1791 nullasu:

212 1818 279 1877 ptur
326 1808 527 1873 ensuripoeset.
684 1861 689 1869 ,
746 1833 756 1839 -

318 1876 365 1927 vt.
375 1873 537 1940 Magistratus
548 1886 624 1941 atque
633 1874 751 1938 honores,
762 1886 789 1925 et
797 1886 856 1926 ante
865 1886 981 1941 tempus,

181 1968 185 1975 ⁴
214 1940 376 2011 etqnoselam
389 1942 454 1990 novi
468 1944 572 2005 generis
582 1954 767 2009 perpetuosque
777 1945 853 2011 cepit.
879 1940 982 1991 Consu·
1033 1971 1034 2004 3

214 2010 298 2062 lutum
307 2009 428 2060 vicesimo
438 2010 526 2058 aetatis
535 2027 603 2059 anno
613 2009 718 2071 invasit,
728 2009 841 2061 admotis
851 2007 982 2059 hostiliter

214 2072 250 2129 nd
259 2076 351 2125 urbem
361 2075 512 2142 legionibus,
523 2075 667 2142 missisque,
673 2077 719 2143 qui
729 2074 779 2127 sibi
788 2079 898 2127 nomine
908 2091 982 2126 exer-

215 2146 281 2193 eitus
292 2142 466 2210 deposcerent.
497 2144 588 2211 Quum
599 2141 715 2209 quidem,
725 2154 860 2194 cunctante
871 2144 981 2210 Senatu,

215 2209 351 2279 Cornelius
362 2212 484 2271 centurio,
494 2212 614 2278 princepe
624 2210 765 2277 legationis,
775 2212 870 2260 reiecto
880 2213 982 2276 sagulo,

215 2277 352 2328 ostendens
361 2277 441 2344 gladii
451 2279 588 2346 capulum,
606 2296 660 2327 non
670 2277 810 2328 dubitasset
819 2278 848 2327 in
857 2280 931 2327 curis
941 2277 984 2328 di·

214 2360 284 2394 cerer
299 2346 353 2397 Hie
355 2342 455 2415 faciet,
465 2353 488 2397 si
500 2361 547 2397 vos
556 2342 745 2413 nonseeeritis.
762 2342 914 2396 Secundum
920 2362 984 2395 eon·
1033 2383 1034 2386 ,

203 2413 328 2464 -sulatum
340 2425 396 2480 post
409 2429 600 2474 normannos,
621 2413 735 2473 tertium,
755 2428 824 2462 enno
834 2413 982 2474 interiecto,

215 2482 304 2545 gessit:
324 2492 472 2547 sequentes,
483 2494 566 2544 usque
576 2477 609 2528 ad
618 2477 793 2540 undecimum,
805 2480 982 2529 continuavit:

214 2549 354 2615 multisque
365 2563 438 2609 mox,
457 2561 541 2660 guum
550 2544 719 2607 deferrentur,
730 2548 859 2608 recusatis,
869 2545 984 2615 ‘duode-

214 2616 312 2665 cimum
321 2630 429 2680 magno,
450 2613 459 2660 i
488 2624 541 2673 est,
559 2612 748 2679 septemdecim
762 2628 892 2664 annorum
902 2614 984 2663 inter·

152 2684 162 2699 ·
205 2682 294 2748 ,sellu
315 2691 436 2732 etrursus
447 2677 702 2748 tertiumdecimum,
712 2680 892 2749 bienniopost
912 2682 984 2735 ultro
