2092 3059
321 188 576 240 cntvnlvs.
756 197 827 276 ,175

66 285 346 355 rumoeiepbantorum
366 288 514 353 Augustino
539 289 658 343 similem.
668 276 828 341 decernebde
895 338 902 345 .

67 356 176 405 curavit.
203 355 352 404 Parentibus
362 356 462 407 inferias
473 356 601 423 publicas,
617 368 641 406 et
651 356 698 407 hoc
708 359 826 421 amplius,

68 422 137 487 patri
148 423 271 469 circenses
281 438 380 471 anuttos
399 424 476 472 nauli
497 422 552 487 die,
571 426 647 474 matri
667 434 827 490 carpentum,

68 504 122 551 quo
141 504 187 553 per
202 487 297 541 circum
317 488 465 552 duceretur,
486 502 510 539 et
529 498 673 555 cognomen
686 489 827 554 Augustae,

68 553 101 604 ab
112 555 170 602 viva
180 567 333 604 recusatum.
354 554 398 603 Ad
411 556 495 607 fratris
504 558 658 607 memoriam
667 573 826 621 peromnem

69 622 228 669 occasionem
238 620 397 683 celebratam,
419 622 580 672 comoediam
588 639 691 687 quoque
702 623 826 673 Graecam

69 686 238 751 Neapolitano
249 689 386 737 certamine
398 685 492 749 docuit,
498 704 526 737 ac
536 688 568 737 de
578 690 702 737 sententia
708 686 826 739 indicum

68 753 211 801 coronavit.
239 754 278 805 Ne
287 752 405 805 Marcum
421 752 527 818 quidem
536 754 681 806 Antonium
690 754 827 805 inhonora·

67 828 127 867 tum
136 834 165 865 ac
173 818 227 867 sine
238 830 307 885 grata
316 820 446 869 mentione
456 823 608 871 transmisit:
627 831 732 870 testatus
743 837 826 884 quon·
844 866 848 876 ,

69 882 130 933 dam
139 900 185 951 per
194 884 319 945 edictum,
333 888 420 937 Tanto
429 888 574 951 impensius
580 898 673 957 petere
682 904 723 950 ee,
733 895 764 935 ut
774 904 825 937 na·

68 950 151 1000 talem
156 952 248 1016 patris
258 952 343 1005 Drusi
352 952 531 1013 celebrarent,
550 956 622 1024 qnod
630 955 700 1004 idem
710 962 779 1003 esset
797 961 825 1002 et

68 1018 115 1067 cvi
133 1018 175 1067 aui
193 1018 326 1075 Antonii.¹
345 1020 450 1072 Tiberio
464 1037 640 1074 marmoreum
656 1037 747 1071 arcum
756 1020 825 1081 iuxta

68 1084 184 1150 Pompeii
194 1084 323 1135 theatrum
338 1084 591 1150 decretumquidem
611 1088 675 1137 olim
693 1106 708 1135 a
725 1096 823 1146 senatu,

67 1166 158 1201 versun
168 1150 304 1213 omissum,
315 1154 424 1217 peregit:
441 1150 496 1201 Caii
507 1172 609 1219 quoqne
619 1155 665 1201 etsi
675 1164 726 1201 acta
737 1155 823 1200 omnia

66 1216 181 1279 rescidit,
202 1218 271 1267 diem
281 1229 366 1281 temen
377 1220 461 1279 necis,
482 1223 599 1282 quamvis
609 1216 744 1271 exordium
752 1216 824 1284 prin·

66 1282 162 1349 ripatus
172 1286 230 1347 sui,
242 1287 323 1335 vetuit
333 1287 400 1334 inter
412 1284 488 1335 festos
500 1287 601 1337 referri·

116 1415 178 1465 x11.
197 1412 233 1468 At
251 1418 279 1466 in
294 1429 374 1473 semet
389 1420 619 1494 augendoparcus
637 1410 714 1483 atque
732 1417 824 1478 civilis,

66 1484 233 1549 praenomine
253 1484 429 1549 Imperatoris
448 1486 583 1544 abstinuit,
602 1485 696 1533 nimios
714 1482 825 1543 honores
906 1535 910 1539 ,

67 1549 204 1611 recusavit,
222 1548 428 1615 sponsalia-filiae
444 1553 606 1613 natalemque
626 1551 707 1614 geniti
724 1552 824 1615 nepotis

65 1617 177 1677 silentio,
187 1632 216 1664 ac
226 1628 325 1667 tantum
336 1615 473 1666 domestica
482 1616 618 1679 religione,
628 1615 760 1677 transegit.
771 1614 825 1670 Nc·
885 1620 891 1624 “

65 1684 165 1731 minem
176 1682 306 1743 extttlum,
317 1682 366 1735 nisi
377 1698 408 1731 ex
417 1694 520 1735 senatus
531 1685 692 1739 auctoritate,
701 1680 822 1728 restituit:

65 1748 162 1799 ntvsibi
182 1750 210 1799 in
223 1751 320 1799 curiam
334 1748 491 1814 praefectum
503 1748 637 1808 Praetorii,
656 1745 823 1809 tribunosque

62 1816 178 1865 miiitum
197 1832 284 1865 secum
302 1816 424 1867 iuducere
444 1815 547 1875 liceret,
567 1825 646 1878 utque
665 1825 720 1861 rata
738 1822 822 1861 essent

63 1898 130 1945 quae
140 1894 314 1946 procuratores
324 1882 365 1931 sui
375 1881 403 1929 in
413 1881 549 1933 iudicando
565 1890 716 1936 statuerent,
735 1893 822 1943 preca,

61 1948 100 1995 rio
110 1949 205 2013 exegit.
235 1948 278 2000 Ius
287 1948 463 2001 nundinarum
474 1950 502 1996 iu
517 1946 614 2015 private
623 1944 726 2012 praedia
736 1963 750 1993 a
760 1961 822 1993 con-

61 2013 164 2062 sulibus
173 2013 256 2079 petiit:
266 2012 455 2079 cognitionibus
465 2016 668 2080 magistratuum,
691 2022 721 2061 ut
730 2025 797 2059 unus
807 2027 821 2061 e

23 2132 25 2137 ,
61 2080 214 2145 cpnsiliariis
228 2081 374 2145 frequenter
394 2081 519 2131 interfuit.
549 2078 661 2131 Eosdem
678 2078 820 2145 spectacula

62 2147 180 2208 edentes,
199 2158 307 2211 surgens
326 2158 351 2195 et
365 2148 417 2213 ipse
432 2164 491 2198 cum
507 2161 587 2201 cetere
600 2144 689 2206 turba,
709 2157 770 2194 voce
790 2159 819 2193 ac
903 2164 923 2184 v

59 2228 140 2261 manu
150 2225 281 2263 veneratus
293 2226 339 2263 est.
349 2212 564 2281 Tribuniaplebis
574 2211 724 2262 adeuntibus
731 2226 760 2259 se
769 2227 818 2277 pro

59 2279 181 2329 tribunali
191 2280 331 2341 excusarit,
347 2278 416 2345 quod
426 2292 533 2347 propter·
539 2281 664 2344 angustias
672 2295 725 2327 non
730 2288 818 2343 posset

60 2345 151 2395 audire
162 2361 205 2394 eos
215 2348 375 2397 tristanum.
404 2346 490 2412 Quare
505 2346 533 2395 in
542 2346 614 2396 brevi
624 2344 704 2411 spatio
715 2354 818 2393 tantum
862 2388 867 2392 .

60 2414 155 2462 amoris
166 2412 311 2477 fauorisque
321 2412 431 2477 collegit,
450 2425 492 2475 nt,
512 2428 592 2479 quum
601 2413 746 2479 proiectum
756 2426 816 2457 eum

59 2477 162 2528 Ostiam
175 2481 279 2545 periisse
295 2496 327 2529 ex
345 2478 444 2533 insidiis
463 2480 610 2529 nuntiatum
629 2490 701 2539 esset,
711 2491 815 2539 ,magna

59 2546 262 2605 consternatione
273 2546 406 2613 populns,
417 2559 443 2595 et
456 2550 565 2597 militem
574 2548 646 2609 qstasi
654 2541 815 2610 ,proditorem

59 2622 83 2659 et
93 2623 211 2661 senatum
232 2614 304 2677 quasi
322 2612 476 2677 parricidam
487 2614 547 2663 diris
557 2606 771 2661 exsecrationibus
778 2608 815 2652 iu-

58 2693 157 2729 cessere
168 2695 219 2729 uon
230 2691 289 2729 ante
298 2677 433 2741 destiterit,
444 2696 521 2745 qtram
531 2690 599 2744 unus
609 2688 687 2740 atque
698 2672 777 2731 alter,
792 2681 815 2719 ‘¹
