2092 3059
227 167 281 226 172
389 121 753 206 ‘c.sv'ar6u11
855 215 864 228 x

226 263 358 328 pertitumr
368 259 396 311 s‘c
406 276 439 310 ue
450 258 573 310 heredem
582 251 695 322 quidem,
710 252 761 302 nisi
769 244 945 312 inter'tertios,
957 269 982 302 ae

225 345 303 394 paene
314 339 451 388 annaeus,
464 343 478 376 e
487 337 558 391 parte
568 333 636 374 sexta
646 321 815 394 nuncuparit:
826 319 913 398 legato
923 335 982 384 quo·

226 392 276 456 q'ue
296 409 349 442 non
358 395 469 459 emplius
484 407 563 456 quam
572 389 788 464 octingentorum
806 395 984 442 sestertiorum,

203 516 207 527 .
226 469 384 523 prosecutus.

277 525 312 575 V.
323 522 441 574 Tiberius
451 534 558 591 patruus
567 518 664 588 petenti
674 518 785 569 honores
794 517 937 568 consularia
945 533 984 567 or·
1035 521 1036 524 ’

228 601 350 640 narneute
360 587 464 640 detulit.
492 587 546 640 Sed
559 587 692 638 instantius
707 585 836 651 legitimos
851 586 984 649 flagitanti,

228 655 258 705 id
266 656 352 705 solum
369 655 490 705 codicillis
508 656 649 720 rescripsit:
680 652 873 720 Quadraginta
892 667 985 700 aureos

228 723 259 772 s'n
268 720 428 773 damnalia
436 730 463 771 et
472 721 619 792 Sigillaria
627 719 732 770 irrisisse
741 718 775 768 ei.
794 720 870 768 Tunc
880 714 985 766 demum

85 780 88 787 ¹
123 849 130 856 t
167 793 171 799 ’
229 789 324 839 abiecta
334 805 378 901 spe
388 787 516 852 digmtatis
524 786 558 835 ad
568 787 650 835 otium
660 781 790 842 concessit,
800 780 985 832 modoinhor-

228 853 261 904 tis
277 867 303 902 et
315 871 346 903 su
359 845 462 902 'urbana
476 850 562 913 domo,
581 851 660 896 modo
675 848 703 894 in
718 844 872 912 Campaniae
887 865 987 897 secessu

230 919 393 982 delitescens3
411 929 488 984 atque
508 935 541 964 ex
560 912 729 962 contubernio
747 911 987 964 sordidissimorum

229 976 451 1056 hominumiupqr
464 993 578 1032 ueterem
597 979 719 1094 segusiae
739 988 841 1040 notam,
860 978 987 1030 ebrietatis

229 1065 332 1115 quoque
343 1060 369 1098 et
378 1052 447 1107 aleae
457 1047 615 1098 iufamiame
652 1046 988 1110 utzquuminterimfluam-

193 1146 198 1154 ι
229 1131 308 1189 qoam
316 1115 366 1166 hoc
375 1115 454 1165 modo
463 1114 563 1178 egenti,
573 1127 717 1175 numquam
726 1123 770 1162 aut
779 1109 893 1161 officium
904 1111 987 1162 homi-

227 1199 302 1239 num.
313 1194 357 1233 aut
366 1183 507 1233 reverentia
536 1179 620 1228 ubliea
629 1175 719 1232 deluit.

280 1249 328 1300 vl.
343 1249 468 1313 Equester
478 1197 542 1294 ordo
553 1243 593 1290 bis
602 1249 740 1306 patronum
751 1255 810 1291 eum
819 1244 986 1309 perferendae

228 1311 314 1380 prose
322 1313 455 1376 legationis
465 1307 554 1374 elegit3
564 1308 644 1384 semel
654 1322 734 1372 quum
744 1305 776 1358 de
795 1308 934 1359 ottsndurn
940 1312 987 1361 llo·

134 1402 138 1411 .
229 1392 403 1444 mcorpus
411 1375 522 1440 Augusti
537 1373 652 1422 humens
666 1372 751 1424 sulse
788 1375 926 1426 onsulibus
946 1394 987 1426 ex·

228 1453 373 1512 poscerent:
390 1443 484 1490 iterum
503 1456 586 1505 quum
604 1454 754 1506 oppressum
773 1439 900 1490 Seianum
920 1444 987 1509 apud

230 1508 335 1560 eosdem
344 1508 542 1574 gratulnrentur.
562 1507 632 1571 Quin
649 1517 695 1556 ets
714 1508 829 1556 ectaculis
841 1507 988 1559 advenienti

229 1592 362 1641 assurgere
371 1585 396 1625 et
404 1576 518 1624 laternas
529 1571 658 1638 deponere
667 1523 790 1628 soiebtnt.
801 1571 912 1624 Senatus
923 1593 988 1643 quo·

230 1659 288 1708 que,
299 1654 330 1692 ut
338 1641 371 1693 ad
380 1655 520 1693 numerum
530 1639 655 1688 sodalium
664 1635 850 1702 Augustalium
860 1653 929 1691 sorte
941 1641 989 1692 du-

231 1720 331 1759 ctorum
341 1719 411 1758 entra
419 1706 538 1758 ordinem
547 1703 706 1767 adiiceretur,
721 1707 833 1769 censuit3
853 1719 879 1758 et
888 1724 952 1758 mox
960 1720 989 1757 ut

231 1773 325 1824 domus
334 1776 372 1834 ei,
392 1785 471 1838 quam
480 1771 600 1822 incendio
609 1771 735 1834 amiserat,
755 1770 859 1837 publice
869 1775 990 1840 impensa

230 1841 413 1901 restitueretur,
432 1836 602 1903 dicendaeque
612 1839 678 1886 inter
689 1838 841 1905 consulares⁵
849 1843 990 1891 sententiae

231 1905 272 1954 ins
282 1917 354 1955 esset·
374 1902 453 1968 Quod
462 1901 593 1954 decretum
602 1903 727 1954 abolitum
737 1914 787 1965 est,
798 1917 937 1956 cremante
946 1908 990 1956 Ti·

230 1969 304 2019 herio
312 1969 513 2019 imbecillitatem
522 1971 590 2032 eius,
610 1985 640 2019 ac
648 1968 773 2020 demum
781 1969 937 2029 liberalitato
947 1989 992 2021 sua

231 2048 389 2085 resarturum
397 2035 542 2100 pollicente.
566 2037 618 2102 Qui
629 2047 715 2086 tsmen
724 2036 845 2099 moriens,
866 2049 892 2087 et
901 2040 932 2087 iu
942 2050 992 2088 ter-

231 2103 274 2151 tiis
283 2098 421 2150 heredihm
430 2117 531 2152 eumex
539 2113 609 2170 parte
619 2102 691 2152 tersia
700 2115 887 2168 nuncupatum,
907 2105 993 2170 legato

232 2169 311 2216 etiam
321 2167 386 2216 cirea
395 2170 539 2217 sestertium
549 2169 624 2220 vicies
633 2177 791 2234 prosecutis,
798 2169 993 2222 commendavit
1034 2175 1035 2210 3

233 2234 337 2298 insuper
346 2233 510 2297 exercitibus,
531 2236 628 2284 senatui
637 2237 786 2300 populoque
797 2235 917 2288 Romano
928 2238 993 2288 inter

233 2309 327 2348 ceteras
336 2298 535 2350 necessitudines
545 2301 704 2360 nominatim.

282 2365 344 2417 VII.
365 2365 420 2416 snb
430 2365 493 2416 Caio
501 2365 609 2416 demum
618 2366 702 2416 fratris
712 2368 766 2416 lilio
781 2365 926 2420 secuudum
943 2373 994 2420 exi·

232 2430 404 2483 etimationeru
416 2433 483 2481 circa
501 2433 575 2482 initia
592 2432 695 2498 imperii
714 2433 835 2486 omuibus
854 2437 994 2494 lenociniis

231 2497 374 2563 colligente,
384 2498 495 2549 honores
502 2499 654 2564 auspicatus,
675 2501 837 2550 consulatum
847 2505 931 2566 gessit
942 2519 993 2551 tina

230 2579 277 2627 per
296 2564 361 2614 duos
379 2580 494 2614 menses:
513 2566 650 2628 evenitque
666 2576 694 2613 ut
703 2565 822 2629 primitus
833 2567 994 2634 ingredienti

231 2641 291 2678 eum
300 2627 410 2680 lucibus
419 2629 529 2694 Forum,
549 2631 736 2696 praetervolans
751 2631 835 2698 ¹uquila
846 2634 994 2689 dexteriore
