2092 3059
194 100 205 159 ’-
218 131 275 184 ne
292 129 443 186 cnssts
459 99 738 187 adurosssvs.
806 138 861 195 an

102 232 181 285 &sne
201 231 662 305 adqnenrquusnfiereteonaureas,
677 232 749 305 quod
760 234 865 297 stadio·
910 231 914 239 '

101 300 226 353 sissimus
243 302 354 372 quisque
375 300 451 371 apud
463 320 521 353 eum
536 311 715 365 exerceretur,
734 300 864 363 dolebam,

101 366 170 419 mihi
183 369 252 421 idem
266 386 320 421 non
332 369 422 421 licere.
460 370 622 422 continebar
636 380 726 421 autem
741 370 864 421 doctissi-

100 453 206 487 morum
230 434 365 487 honustum
389 440 571 500 auctoritate,
599 440 648 507 qai
671 434 885 493 existimabant*

102 504 214 555 Graecas
228 504 465 556 exercitationibus
480 506 521 555 ali
537 504 632 556 melius
647 506 761 575 ingenia
773 520 861 572 posse.
882 526 888 535 ·

98 568 176 621 Hunc
186 572 300 621 eundern
310 574 383 636 (nam
392 571 535 621 diutissime
546 570 622 631 vixit)
638 572 678 620 M.
694 571 813 632 Coelius,
833 570 862 623 in

98 638 222 700 oratione,
233 656 312 703 quarn
317 655 369 704 pro
379 654 406 685 se
412 635 445 685 de
450 638 477 687 vi
483 636 581 697 habuit,
592 638 611 685 si
615 638 750 703 gnificabat
755 638 862 690 dictam

97 704 227 763 Atratino,
242 705 384 756 accusatori
395 720 450 763 suc,
465 706 606 753 actionem:
623 702 802 769 submotoque
815 706 862 754 no-

97 774 178 829 rnine,
197 770 437 821 hordeaciumeum
448 770 579 819 rhetorem
590 770 711 839 appellat,
732 768 860 834 derideas,
904 784 906 789 '

17 862 18 865 ¹
98 848 128 888 ut
138 840 259 889 inflatum
268 854 296 887 ac
307 840 393 887 levem
404 849 429 886 et
438 837 585 895 sordidum

144 904 862 972 ill-Is.OtaciliasPilitusservissedicitur,atqueetiam

98 973 226 1033 ostiarius,
243 985 329 1023 vetere
339 988 421 1030 more,
436 974 464 1020 in
475 984 561 1022 catena
572 974 661 1023 luisse:
677 972 768 1033 donec,
779 974 812 1024 ob
823 977 863 1023 in-

99 1041 210 1105 genium
218 1056 248 1088 ac
257 1038 373 1094 studium
383 1038 529 1089 litterarum
540 1042 722 1102 utannmisstts,
733 1044 862 1091 accusanti

97 1110 207 1173 patrono
226 1107 386 1173 subscripsit.
419 1104 523 1155 Deinde
544 1104 699 1156 rhetoricam
725 1110 863 1173 professus,

100 1173 151 1224 Cn.
173 1174 326 1240 Pompeium
340 1176 468 1239 Magnum
484 1172 585 1235 docuit,
605 1176 734 1239 putrisque
750 1176 805 1223 eins
820 1170 862 1223 ies

99 1253 191 1307 gestas,
207 1258 255 1289 nec
264 1242 352 1290 miuus
362 1242 449 1305 ipsius,
466 1235 644 1308 compluribus
653 1240 724 1289 libris
735 1238 862 1306 exposuit:

97 1310 200 1374 primus
222 1309 341 1356 omnium
360 1306 557 1367 libertinorum,
577 1317 606 1355 ut
623 1302 759 1355 Cornelius
775 1307 871 1373 Nepos'

98 1375 228 1439 opinatur,
249 1374 358 1423 scrIbcre
369 1373 504 1424 historiam
514 1390 595 1433 orsus,
615 1391 669 1421 non
679 1375 729 1422 nisi
740 1375 772 1423 ab
782 1373 862 1423 hone·

97 1442 210 1491 ctissimo
220 1458 323 1507 quoqne
334 1440 409 1489 scribi
418 1442 528 1489 solitam.

148 1506 197 1557 lv.
217 1507 261 1557 Ad
271 1510 299 1558 id
309 1520 409 1573 tempus
422 1506 543 1573 Epidius,
560 1506 688 1559 calumnia
698 1518 807 1570 notetus,
819 1510 860 1559 lu-

95 1574 166 1626 dum
174 1572 279 1624 dicendi
290 1576 404 1641 aperuit,
425 1573 563 1638 docuitque
575 1576 640 1623 inter
650 1590 745 1625 ceteros
756 1576 794 1625 M.
805 1578 873 1627 An:
905 1612 907 1617 -

95 1644 198 1691 torrium
219 1655 245 1692 et
260 1642 419 1706 Augustum.
455 1641 557 1706 Quibus
578 1641 709 1706 qrromlam
727 1644 755 1692 C.
774 1644 861 1693 Gonu-
892 1684 896 1692 .

96 1710 167 1770 tius,
187 1708 367 1757 objicientibus
382 1707 447 1768 sibi,
470 1709 582 1773 quadiu
598 1710 729 1775 republica
750 1710 860 1759 adrnini-

96 1774 200 1825 stranda
216 1779 376 1841 potissimum
392 1776 530 1825 consularis
541 1776 647 1825 Isaurici
663 1788 759 1825 sectam
768 1796 860 1843 seque·

97 1854 182 1903 retur,
203 1842 304 1904 Malle,
326 1844 471 1908 respondit,
492 1842 610 1891 Isaurici
620 1860 676 1893 esse
691 1844 857 1910 discipulum,

97 1922 178 1979 quom
187 1910 290 1975 Epidii,
307 1909 522 1959 calumniatoris.
557 1908 605 1958 Hic
615 1907 724 1979 Epidius
735 1924 821 1959 ortum
832 1928 860 1961 se
874 1925 877 1944 ³

96 1978 129 2027 ab
140 1978 236 2042 Epidio
247 1978 387 2027 Nuncr'ono
403 1975 578 2043 praedicabat:
599 1992 677 2041 qrrcm
693 1978 780 2027 serunt
794 1980 859 2027 olim
913 1992 916 1999 ⁴

95 2045 290 2112 praecipitatum
306 2047 331 2093 iu
343 2046 444 2093 loutem
458 2045 574 2095 fluminis
589 2042 677 2105 Sarni,
698 2048 785 2110 paullo
801 2058 858 2112 post

95 2128 157 2159 cum
167 2113 287 2161 cornibus
299 2114 428 2170 exstitisse,
440 2130 468 2160 ac
478 2114 565 2160 statim
575 2120 626 2161 uon
639 2113 819 2179 comparuisse,
829 2113 855 2163 in

94 2194 259 2243 numeroque
269 2177 378 2229 deorum
388 2179 514 2229 babitrun.

148 2246 181 2295 V.
202 2247 263 2296 Sex.
283 2246 405 2309 Clodius,
426 2246 551 2307 esicilia,
572 2248 676 2297 Latinas
685 2244 765 2299 simul
776 2249 857 2299 Grae·

95 2329 191 2378 eaeque
203 2315 363 2377 eloquentiae
373 2315 509 2380 professor,
530 2316 597 2363 male
608 2318 731 2376 cordatus,
742 2328 767 2364 et
776 2312 856 2375 dicax,

92 2397 147 2448 par
158 2379 294 2432 oculorum
303 2382 332 2431 in
342 2382 463 2431 amicitia
472 2382 513 2431 M.
533 2382 646 2431 Antonii
655 2380 800 2432 'triumviri
813 2397 856 2429 ex-
899 2428 902 2435 ,

94 2448 200 2497 stitisse
209 2465 248 2507 se,
268 2449 359 2498 aiebat.
395 2448 523 2498 Eiusdem
533 2464 648 2505 uxorem,
669 2448 799 2503 Fulviam,
815 2446 857 2494 cui

95 2518 175 2563 altera
185 2515 265 2564 bucca
275 2516 386 2565 inflatior
396 2526 462 2576 erat,
482 2532 592 2566 acumen
603 2515 657 2562 stili
672 2524 769 2561 tentare
781 2510 855 2569 dixit,

94 2597 145 2633 nec
154 2598 184 2634 eo
197 2584 292 2641 minus,
303 2584 384 2631 immo
395 2582 438 2630 vel
447 2583 529 2645 magis
540 2580 572 2629 ob
583 2576 751 2627 lrocAntouio
762 2589 858 2639 gratus.
939 2612 942 2615 -

96 2647 117 2699 A
131 2664 182 2717 quo
192 2666 256 2703 mox
265 2647 379 2699 Consule
388 2650 567 2713 iugensetinn
578 2644 739 2709 congiarium
747 2645 844 2711 accepit
848 2663 857 2708 ς
