2092 3059
227 185 265 240 62
333 171 335 175 ·
458 171 489 225 o.
519 148 757 229 svnrouir

227 292 324 329 turmas
335 274 460 343 equitum,
471 276 682 343 quotiescumque
691 290 757 343 opus
768 286 838 327 esset.
855 260 993 339 Censores,

229 348 307 395 creari
317 344 503 411 desitos,longo
510 344 914 407 iutervtllocrearitrnumerum
920 360 994 409 prae-

177 464 180 469 ,
229 423 314 461 torum
324 414 402 461 attuit.
423 412 516 477 Exegit
526 413 615 473 etiarn,
631 422 662 460 ut
670 412 771 475 quoties
780 410 831 459 sihi
842 412 994 461 consulatus

216 506 220 515 «
229 475 342 539 daretur,
352 478 436 541 binos,
446 495 493 545 pro
503 477 620 545 singulis,
630 479 739 545 collegas
749 477 865 527 haberet:
887 494 940 527 nec
950 479 994 527 ob-

228 546 312 605 tinuit,
323 545 519 597 reclamantibus
530 546 634 605 cunetis,
641 547 700 597 satis
710 546 869 595 maiestatem
880 546 937 594 eius
948 548 996 594 im-

228 614 320 674 minui,
333 611 403 678 quod
413 612 540 664 honorem
551 628 613 662 eum
621 628 676 663 nou
685 612 763 674 solus,
773 610 819 662 sed
828 613 994 682 cum-altero,

248 691 339 729 ereret.
652 696 663 711 ⁸

229 694 245 745 g
279 742 428 803 XXXVIII.
437 746 493 797 Nec
508 747 608 813 parcior
618 747 646 796 iu
655 745 748 796 bellica
757 743 851 797 virtute
861 745 995 798 honoran-

167 810 175 817 ”
229 810 270 875 da,
295 830 373 881 super
382 815 486 879 triginta
496 814 607 864 ducibus
626 815 704 863 iustos
722 813 883 881 triumphos,
902 814 931 865 e't
950 818 994 867 ali-

230 891 324 945 quanto
335 880 454 947 pluribus
471 880 640 947 triumphalia
659 893 808 931 ornamenta
827 880 995 932 decernenda
1039 893 1040 906 ¹

229 944 335 997 curavit.
364 946 464 999 Liberis
473 959 628 1009 senatorum,
652 965 703 1013 quo
713 947 819 997 celerius
828 949 995 1014 Reipublicae

229 1012 417 1075 adsuescerent,
437 1018 558 1081 protinus
573 1017 677 1065 uirilem
690 1027 785 1081 togam,
792 1008 879 1066 Ictum
888 1016 996 1067 clavum

229 1078 345 1140 induere,
356 1092 381 1131 et
390 1082 474 1131 eurise
484 1081 612 1145 interesse,
624 1083 755 1149 permisit:
764 1082 940 1148 militiamque
951 1102 996 1134 au-

229 1148 385 1213 tpicantibus
396 1164 449 1197 nou
457 1149 619 1200 tribunatum
629 1148 714 1215 modo:
722 1149 873 1213 legionum,
903 1150 954 1201 sed
974 1162 998 1201 et

229 1214 399 1281 praefecturas
410 1216 509 1266 alarum
519 1215 603 1267 dedit:
623 1233 668 1278 sc,
687 1216 790 1281 nequis
801 1217 890 1283 expers
900 1229 997 1267 castro·

144 1312 152 1319 -
229 1296 289 1329 rum
299 1294 372 1345 esset,
382 1280 455 1332 binos
466 1285 620 1349 plerumque
630 1283 774 1333 laticlsvios
783 1288 936 1350 praeposuit
945 1286 997 1335 sin·

229 1349 297 1413 gullo
317 1350 373 1398 alis.
402 1350 531 1415 Equitum
545 1362 643 1400 turmas
662 1350 811 1415 frequenter
831 1354 996 1415 recognovit,
1039 1343 1041 1363 '

195 1452 197 1462 .
228 1428 286 1481 post
295 1416 401 1479 longam
411 1415 628 1483 intercapedinem
638 1418 997 1468 reductomoretransveotio·
1039 1369 1041 1468 i

229 1482 278 1532 nis.
299 1480 353 1531 se'd
363 1499 447 1549 neque
458 1482 556 1533 detrahi
567 1499 737 1550 quemquem,
757 1486 784 1533 in
795 1484 995 1549 ususvehendo,

194 1598 197 1609 ,
229 1549 259 1598 ab
270 1560 412 1599 accusatore
423 1567 510 1617 passus
523 1562 574 1612 est,
593 1549 665 1615 quod
679 1551 735 1599 fieri
745 1550 853 1613 solebst3
876 1561 902 1601 et
912 1557 988 1604 senio

228 1617 269 1665 vel
279 1618 364 1682 aliqua
376 1616 490 1684 corporis
502 1616 561 1668 labe
579 1616 724 1683 insignibus
734 1618 857 1685 permisit,
869 1620 997 1685 praernis-

228 1700 256 1732 so
266 1685 293 1732 in
303 1684 393 1735 ordine
403 1701 479 1751 equo,
499 1684 533 1737 sd
541 1682 758 1750 respondendum,
773 1686 873 1749 quoties
879 1687 996 1737 citaren-

229 1761 284 1813 tur,
295 1750 403 1818 pedibus
413 1755 514 1821 uenire:
535 1767 597 1801 mox
606 1752 732 1802 reddendi
742 1753 802 1817 equi
811 1755 927 1815 gratiam
934 1751 996 1804 fecit

228 1816 277 1880 ets,
287 1818 331 1883 qui
340 1818 449 1879 maiores
459 1835 587 1869 annorum
603 1819 717 1886 quinque
728 1828 753 1869 et
761 1819 867 1885 triginta
879 1818 996 1872 retinere

228 1900 288 1935 eum
300 1870 409 1933 nollent.

280 1948 400 1999 XXXIX.
420 1950 614 2019 impetratisque
632 1945 755 2003 tSeuatu
767 1950 995 2016 decemudiutori-

229 2016 278 2066 bus
288 2032 501 2083 unumquemque
516 2022 637 2085 equiturn
650 2024 778 2071 rationem
796 2021 861 2071 vitae
881 2020 994 2071 reddere

228 2086 325 2151 coligit:
336 2094 411 2149 atque
421 2101 452 2135 ex
461 2084 613 2153 improbatis
623 2086 685 2136 alios
693 2104 789 2154 poena,
804 2088 869 2137 elios
879 2086 994 2153 ignomi-

228 2149 269 2201 uia
280 2149 388 2201 notavit:
408 2152 494 2220 plures
511 2152 699 2215 admonitione,
718 2154 764 2203 sed
773 2152 850 2204 veria.
880 2156 994 2205 Lenissi-

227 2234 302 2269 tuum
312 2234 392 2284 genut
403 2218 585 2271 admonitionis
594 2220 642 2269 suit
656 2218 760 2268 traditio
775 2235 864 2271 coram
877 2223 994 2287 pugilla-

227 2285 304 2347 rium,
311 2302 373 2351 quos
383 2287 452 2336 taciti
462 2298 487 2337 et
498 2284 596 2336 ibidem
606 2287 693 2335 statim
702 2285 824 2353 legerent.
835 2286 994 2358 Notaritque

226 2352 335 2417 sliquos,
355 2354 425 2418 quod
435 2354 558 2421 pecunias
567 2351 707 2404 levioribus
716 2354 802 2405 urinis
811 2356 926 2407 mutusti
935 2373 995 2421 gra·

226 2416 297 2470 tiore
308 2418 413 2469 foenore
424 2421 598 2471 collocassent.

279 2485 335 2537 XL.
347 2486 465 2537 Comitiis
479 2484 634 2553 tribunitiis,
654 2488 677 2539 si
687 2482 805 2538 deessent
814 2487 944 2541 candidati
954 2507 995 2540 se·
1029 2488 1033 2493 ⁴

227 2566 335 2615 ueteres,
346 2570 376 2603 ex
387 2551 513 2618 equitibus
519 2553 641 2605 liomsnis
651 2558 760 2606 crearit:
776 2557 862 2616 ita,ut,
868 2569 995 2623 potestate

226 2631 359 2680 transacta,
370 2620 395 2669 iu
406 2630 462 2669 utro
475 2622 574 2671 vellent
582 2616 680 2684 ordine,
690 2634 835 2673 manerent.
845 2624 939 2690 Quum
949 2641 996 2674 au·

227 2698 279 2737 tem
288 2688 407 2753 plerique
418 2687 544 2753 equitum,
560 2691 645 2741 attrito
654 2688 730 2758 hellis
741 2688 858 2740 civilibus
868 2691 992 2757 patrimo
