2092 3059
270 247 527 331 escroton.
719 287 773 342 tos
828 331 831 338 ,

30 375 191 431 diversissime
200 377 228 426 in
239 375 331 427 eodem
341 379 409 440 vitia,
419 395 548 431 summam
559 379 739 431 confidentium
750 392 774 431 et

28 455 110 494 contre
119 445 228 493 nimium
236 455 343 493 metum.
365 445 433 494 Nam
444 447 489 511 qui
499 446 560 496 deos
572 458 702 514 tantopere
713 465 772 498 cou-

28 521 159 572 temneret,
179 509 336 560 adminima
350 512 461 560 tonitrua
472 523 496 560 et
510 513 614 577 fulgura
629 515 772 573 connivere,

27 588 100 643 caput
109 576 250 637 obvolvere,
270 575 302 625 ad
312 593 373 626 vero
383 579 478 626 maiora
506 580 617 643 roripere
629 595 655 626 se
665 596 678 628 e
687 590 772 634 strato,

26 645 74 692 sub
82 644 225 707 lectumque
236 641 344 692 condere
355 642 459 692 solebat.
487 595 695 708 i’eregrinatioue
715 646 773 708 qui·

27 711 86 760 dem
91 707 221 768 Siciliensi,
232 709 579 758 irrisismultorumlocorum
586 709 722 767 miraculis,
734 725 773 757 re-

8 776 12 782 ”
26 785 100 842 pente
109 792 123 823 a
132 775 247 824 Messana
254 785 331 822 noctu
341 774 462 838 profugit,
477 770 583 824 Aetnaei
594 775 693 825 verticis
703 775 774 824 sumo

26 837 775 907 acmurmurepavesactus.AdversusBarbarosquoquemi·
831 833 837 843 ⁵

25 907 178 969 nacissirnus,
198 921 279 970 quum
291 917 358 955 tram
368 905 485 955 Rhenum
500 907 567 954 inter
576 908 703 971 angustias
713 905 774 955 den-

25 989 132 1036 sumque
149 989 240 1037 agmen
259 973 308 1022 iter
326 970 414 1020 essedo
424 971 524 1034 faceret,
544 971 643 1022 dicente
653 974 773 1039 quodam,
855 987 857 991 ·

24 1041 86 1089 Non
95 1038 246 1088 mediocrem
255 1035 322 1105 fore
332 1039 585 1096 consternationem,
604 1039 711 1088 sicunde
730 1039 775 1090 bo-

24 1107 76 1155 etis
93 1113 231 1170 appareat,
251 1120 346 1168 equum
356 1104 426 1152 illico
441 1103 599 1154 conscendit:
620 1121 648 1154 sc
666 1120 774 1170 propere

23 1188 111 1221 versus
120 1169 151 1220 ed
160 1181 258 1236 pontes,
264 1180 292 1219 nt
302 1170 487 1219 eos'calonIbus
497 1183 523 1220 et
531 1168 721 1236 impedimentis
732 1169 775 1218 sti-

22 1248 94 1305 patos
102 1238 205 1302 reperit,
225 1236 361 1301 impatiens
375 1252 475 1300 morae,
494 1252 542 1302 per
549 1237 642 1286 manus
652 1251 680 1283 ao
698 1253 773 1300 super

22 1305 101 1368 capite
110 1296 245 1361 bominum
254 1304 388 1350 translatus
393 1310 443 1351 'est
474 1305 535 1353 Mox
551 1303 628 1351 etiam
638 1301 726 1351 audita
735 1303 774 1349 r'e·

21 1371 132 1420 bellioue
143 1368 307 1428 Germaniae,
326 1367 415 1432 sugam
425 1379 450 1417 et
459 1367 572 1417 subsidia
582 1369 666 1431 fugae,
686 1368 774 1416 classes

20 1433 169 1514 apparebat:
178 1449 230 1482 uno
239 1434 328 1496 solatio
338 1433 505 1495 acquiescens,
517 1433 696 1482 transmarinas
707 1445 774 1480 certe
839 1479 845 1490 x

19 1503 69 1552 srbi
79 1501 251 1567 superinsutas
264 1499 416 1565 provincias,
436 1499 458 1545 si
467 1497 572 1547 victores
581 1495 688 1563 Alpium
707 1499 774 1562 iuga.

20 1581 51 1618 ut
61 1567 168 1626 Cimbri,
177 1568 220 1615 vel
230 1569 304 1614 etiam
314 1563 414 1622 urbem,
424 1567 453 1611 u't
462 1563 575 1614 Senones
586 1562 723 1627 quondam,
734 1581 777 1611 oc·
834 1620 835 1623 Ἴ
914 1575 919 1580 ·

20 1644 154 1700 cuperent:
173 1633 243 1682 unde
252 1631 327 1680 credo
341 1629 531 1696 percussoribus
546 1631 601 1690 eius'
615 1641 701 1694 postea
717 1645 777 1678 con-

20 1704 112 1750 silinm
121 1696 299 1763 natumfflpud
308 1698 493 1745 tumultuantes
504 1696 598 1745 milites
610 1691 776 1754 ementiendi,

21 1769 108 1832 ipsum
118 1765 165 1813 sihi
175 1779 269 1821 manus
277 1763 405 1826 intulisse,
414 1763 507 1812 nuntio
519 1763 600 1812 malae
609 1778 709 1829 pugnae
719 1778 777 1828 per·
825 1811 828 1816 ,
881 1775 883 1780 ’

17 1834 150 1882 territum.
809 1861 810 1864 =
868 1867 872 1875 .

70 1898 129 1948 unt
140 1897 244 1948 Vestitu
253 1887 422 1960 scissamque,
443 1903 468 1941 et
478 1906 561 1942 cetero
570 1893 672 1957 habitu,
692 1909 776 1959 neque
845 1929 866 1942 .-
880 1951 884 1955 .

38 1966 118 2022 atrio,
128 1979 212 2028 neque
223 1963 298 2023 civili,
318 1977 347 2011 eo
356 1977 389 2010 ne
399 1959 467 2009 virili
478 1959 590 2026 quidem,
611 1977 658 2009 nec
668 1958 777 2026 deniqne

18 1983 139 2080 humano
149 2045 249 2095 semper
258 2044 320 2078 usus
330 2037 375 2077 est.
405 2026 485 2094 Saepe
501 2025 612 2091 depictas
627 2037 777 2091 gemmatos-

18 2113 71 2160 que
81 2095 190 2144 indutus
200 2095 328 2161 paenulis,
338 2094 500 2144 manuleatus
510 2105 535 2140 et
544 2093 684 2142 crusillatus
694 2094 721 2142 in
730 2109 778 2160 pu·

14 2163 119 2212 blisum
129 2162 265 2226 processit:
274 2157 411 2225 aliquando
422 2158 541 2208 sericatus
552 2169 575 2206 et
584 2159 739 2225 cycladotus:
750 2175 780 2210 ao

14 2229 100 2278 modo
109 2229 139 2277 in
149 2226 258 2293 crepidis
267 2228 308 2277 vel
324 2225 466 2284 cothurnis,
486 2225 565 2274 modo
576 2227 602 2274 iu
611 2225 779 2292 speculatorio

15 2297 110 2360 caliga,
121 2310 321 2358 nonnumquam
330 2309 402 2342 socco
412 2291 543 2340 muliebri:
554 2293 655 2356 plerum
675 2307 707 2341 us
717 2307 778 2340 nero

5 2378 95 2425 ,aurea
105 2361 186 2418 barba
195 2361 296 2410 fulmen
306 2309 778 2421 tenens,scfuscinammutosduceum,

4 2428 130 2483 {deorum
140 2426 258 2494 insignis,
269 2437 343 2490 atque
354 2425 430 2474 etiam
435 2424 542 2475 Veneris
552 2424 622 2488 cultu
632 2435 780 2490 conspectus

5 2490 65 2549 lest.
86 2493 290 2558 Triumphalem
300 2493 406 2557 quidem
417 2503 535 2539 ornatum
552 2492 627 2539 etiam
637 2501 694 2537 ante
705 2505 780 2554 expe·

5 2559 151 2615 unionem
163 2559 263 2608 assidue
273 2560 392 2624 gestavit:
410 2555 541 2606 interdum
558 2567 582 2604 et
598 2556 692 2622 Magni
702 2551 783 2604 Aler-
840 2561 842 2564 '
883 2567 890 2573 “

5 2625 96 2674 *andri
108 2625 243 2675 thoracem
252 2627 393 2690 repetitum
402 2641 416 2672 e
426 2621 565 2671 conditorio
576 2624 638 2672 eius.

69 2691 150 2742 LIII.
170 2693 195 2741 E
204 2691 344 2757 disciplinis
354 2687 503 2741 liberalibus
513 2689 651 2736 minimum
661 2682 781 2734 eruditio-

18 2758 60 2823 li,
83 2759 253 2824 eloquentiae
265 2759 410 2824 plurimum
418 2753 557 2816 attendit,
565 2752 728 2870 ‹prentumvis
747 2750 781 2800 ia·

589 2848 595 2866 ι
604 2827 620 2866 2
