2092 3059
164 211 168 215 -
230 174 282 255 176
356 171 362 187 ‘
457 157 780 253 usv'suoutr

228 308 288 346 mox
298 288 408 360 plures'a
417 289 606 356 magistratibus
617 283 739 359 inltost'm
748 284 878 352 producti,
888 286 988 339 salvum
1032 287 1033 292 ’

228 369 253 407 et
262 362 464 425 appropinquare
476 358 663 405 confirmarent.
690 364 709 395 '-

280 420 354 475 Xlll.
375 426 428 474 Neo
437 434 521 471 tamen
533 436 621 487 expers
639 419 791 470 insidiarum
799 436 990 486 usquequaque

228 490 376 557 permansit,
387 490 432 544 sed
442 500 468 537 et
478 508 492 537 a
500 488 622 553 tingnlis,
632 500 657 536 et
666 503 712 553 per
721 486 866 546 factionem,
878 498 906 534 et
916 486 991 535 deni·

231 574 282 623 que
292 558 361 606 civili
370 557 439 605 bello
450 555 581 603 infestatus
600 564 645 603 est.
675 554 698 603 E
717 553 793 619 plebe
812 551 896 601 homo
914 564 992 601 noete

231 622 316 673 media
325 626 395 673 iuxta
405 622 552 671 cubiculum
561 621 613 669 eius
622 636 682 668 eum
691 621 803 695 pugione
812 618 991 684 deprehensus
1032 655 1034 680 :

231 702 280 739 est:
291 687 383 756 reperti
394 700 418 741 et
428 688 551 753 equestris
562 686 658 735 ordinis
669 685 720 735 duo
730 701 758 733 m
766 684 940 750 ptrbliooeum
945 684 992 733 do-

231 758 290 806 lone
301 773 330 805 ac
341 757 471 806 venatorio
481 756 562 802 cultro
570 754 769 817 praestolantes,
783 752 847 799 alter
864 764 897 816 ut
906 768 991 817 egres·

231 837 289 871 sum
299 822 405 881 theatro,
413 824 476 871 alter
487 830 516 867 ut
525 820 708 867 sacrificantem
717 836 730 867 a
750 816 788 865 ud
796 817 885 867 ldartis
895 816 989 867 aedem

231 887 381 937 adoriretur.
394 886 608 951 Conspiraverant
617 896 703 935 autem
712 900 727 931 a
754 892 794 932 ret
803 884 989 935 romonum

232 953 340 1003 Asinius·
354 964 378 1002 et
394 952 510 1011 Statilius
518 950 656 1012 Corvinus,
676 950 797 1001 Pollionis
816 967 854 998 ao.
864 951 990 999 Messalae

187 1074 189 1079 ,
232 1030 364 1069 oratorum
382 1030 501 1086 nepotes,
530 1018 666 1084 assumptis
688 1016 863 1083 compluribus
887 1016 989 1065 libertis
1032 1033 1033 1050 ¹

232 1087 312 1151 ipsius
325 1092 407 1151 'atque
427 1089 514 1139 serris·
544 1081 930 1149 uertnm‚ctvirem0vit-Furtus
941 1082 990 1131 Ca·
1032 1125 1034 1134 ,

232 1153 320 1201 millus
331 1150 520 1211 scribonianus,
536 1150 680 1200 Dalmatiae
689 1152 801 1215 legatus:
819 1165 914 1198 verum
923 1149 989 1197 intra
1032 1203 1033 1210 ἵ

118 1196 123 1205 ¹
143 1252 146 1259 .
230 1218 353 1282 'quintum
362 1218 431 1267 diem
441 1221 575 1284 oppressus
591 1226 639 1279 est,
657 1215 803 1293 legionibus
821 1217 887 1279 quae
907 1231 988 1265 saera-

233 1295 351 1333 meutum
360 1296 531 1342 mutaverant,
546 1284 581 1346 ,iu
594 1283 777 1347 poeuttentiam
790 1282 917 1345 religione
927 1296 988 1329 oon·

233 1351 323 1409 versis,
344 1363 478 1415 postquam
488 1349 637 1398 denuntiato
648 1346 681 1398 al
692 1365 792 1398 novum
802 1348 987 1413 Imperatorem

232 1416 323 1463 itinere
334 1429 393 1463 casu
403 1414 528 1477 quodam,
547 1430 580 1463 an
590 1410 725 1476 divinitus,
744 1430 827 1479 neque
846 1414 932 1479 aquila
947 1430 988 1463 or-

233 1482 302 1539 nari,
313 1496 396 1545 neque
403 1480 599 1547 signaeonrelli
608 1484 758 1545 moverique
768 1491 916 1546 potuerunt.
941 1510 944 1514 -

282 1546 354 1596 XlV.
375 1544 527 1597 Consulatus
541 1562 617 1623 super
631 1548 770 1611 pristinum
779 1558 887 1610 quatuor
897 1548 987 1611 gessit:

132 1646 135 1654 ,
150 1608 155 1617 “
233 1612 368 1679 exquibus
378 1608 442 1679 duos
452 1614 548 1679 primos
559 1614 679 1662 risnetim:
699 1625 833 1677 sequentes
848 1625 895 1677 per
909 1614 989 1661 inter-
1032 1616 1034 1668 ζ

167 1728 172 1733 ,
234 1682 341 1741 vallum,
362 1692 450 1744 quarto
472 1696 600 1743 quemque
620 1695 696 1738 anno,
716 1689 864 1727 semestrem
881 1678 988 1728 novissi-
1032 1707 1034 1711 ,

234 1760 321 1803 mum,
339 1745 471 1793 bimestres
481 1756 588 1805 eeteros,
606 1748 713 1795 tertium
722 1756 816 1804 autem,
836 1761 904 1793 novo
923 1746 988 1793 eirea

235 1808 382 1868 Principem
394 1811 512 1875 exemplo
522 1810 549 1857 in
559 1813 647 1861 locum
657 1812 785 1861 demortui
794 1812 923 1861 suffectus.
945 1811 989 1859 Ius

177 1902 178 1912 r
235 1886 260 1923 et
268 1876 357 1923 consul
368 1886 392 1923 et
402 1885 472 1924 extra
484 1875 611 1927 honorem
619 1876 819 1927 laboriosissime
829 1877 902 1936 dixit,
913 1878 989 1943 etiam
1032 1891 1034 1910 t

236 1940 287 1989 suis'
297 1956 452 2005 suorumque
463 1940 555 1991 diebus
563 1943 725 2005 solennibus,
744 1958 942 2008 nonnumquam
952 1943 989 1991 fe-

225 2010 279 2056 stis
289 2022 390 2071 quoque
400 2008 552 2072 antiquitus,
562 2019 588 2057 et
596 2010 729 2074 religiosis·
744 2011 798 2060 Neo
806 2008 908 2075 s‘emper
917 2025 988 2075 prae·

227 2072 326 2138 'scripta
336 2074 424 2137 legum
434 2081 551 2135 secutus,
567 2072 693 2125 duritiam
708 2076 871 2127 lenitatemue
890 2076 988 2124 multa·

233 2153 306 2197 rum,
317 2154 348 2187 ex
357 2138 424 2187 bono
434 2150 459 2187 et
468 2156 561 2205 aequo,
571 2140 680 2207 perinde
690 2154 718 2190 ut
727 2141 881 2199 afficeretur,
899 2140 987 2188 mode·
1032 2132 1034 2142 ’

234 2214 302 2253 ratus
314 2218 360 2254 est.
391 2204 457 2255 Nam
467 2218 492 2257 et
501 2205 541 2266 iis,
552 2208 595 2269 qui
609 2204 678 2273 apud
690 2209 803 2272 privatos
817 2205 915 2257 iudioes
927 2208 987 2272 plns

233 2269 342 2339 petendo
353 2272 462 2322 formula
472 2274 638 2329 excidissent,
658 2274 768 2322 restituit
775 2277 901 2326 aetiouesz
919 2274 987 2325 etin
1012 2290 1017 2300 ·

235 2339 330 2387 maiore
345 2336 435 2388 fraude
455 2343 594 2398 oanvictos,
613 2339 755 2403 legitimam
772 2354 882 2405 poenum
898 2355 986 2405 super-

236 2420 343 2469 gressus,
354 2404 385 2455 ati
397 2405 486 2456 bestias
496 2403 684 2455 condemnavit.
721 2403 729 2421 '
759 2441 762 2444 .

285 2470 344 2521 XV.
354 2472 395 2521 ·ln
405 2470 581 2537 cognoscendo
596 2482 683 2519 autem
697 2486 727 2520 ac
734 2464 905 2531 decernendo,
924 2473 986 2521 mira

237 2537 353 2591 varietate
370 2539 447 2589 animi
465 2537 528 2595 fuit,
547 2535 625 2585 modo
644 2537 841 2603 eircumspeotus
861 2549 887 2587 et
903 2554 985 2602 sagax,

236 2603 315 2653 modo
325 2604 482 2659 inconsultus
492 2618 521 2651 ae
535 2617 667 2668 praeceps:
698 2604 895 2667 nonnumquam
908 2604 986 2651 frivo-

208 2700 209 2705 =
235 2668 276 2719 lus
286 2672 432 2733 amentique
442 2668 540 2718 similis.
553 2668 643 2732 Quum
652 2666 768 2717 decurias
777 2686 865 2718 rerum
876 2680 936 2719 actu
945 2684 985 2717 ea·

252 2800 257 2823 l
