2092 3059
320 160 585 222 ocrfflvs
801 168 838 228 89

69 276 124 318 tem
134 282 183 333 pro
192 259 298 316 ianitore
308 265 331 316 ei
342 264 502 332 appositum:
517 264 629 334 ideoque
638 281 699 318 mox
713 263 838 318 tintinna·

68 333 141 384 bulis
149 333 285 398 fastigium
302 331 522 400 aedisredimiit,
543 333 614 400 quod
631 345 662 384 'es
682 336 734 384 sere
753 335 836 386 ianuis

67 399 260 466 dependebant.
299 401 340 451 Ex
353 411 479 450 nocturno
495 401 553 452 risu
569 405 646 452 etiam
658 404 751 469 stipem
761 413 838 468 quot·

68 469 144 518 aunis
154 467 197 517 die
208 480 278 519 certo
288 461 464 518 emendicabat
473 485 488 516 a
497 471 610 538 populu,
625 486 713 522 curam
728 485 837 522 manum

67 549 137 586 asses
146 535 480 602 porrigentibur‘praebens.
509 549 513 556 ’
859 536 864 546 ’

117 601 204 652 XCII.
225 600 348 670 Auspicia
359 603 487 668 quaedam
498 602 621 656 etlomiua
630 620 678 670 pro
689 598 844 652 certissimis

66 666 229 720 observabat.
241 669 268 719 si
284 687 360 721 mane
371 668 421 719 sibi
430 673 532 731 calceus
541 688 687 738 perperam,
698 688 727 720 ac
738 671 837 736 sinister

65 752 114 804 pro
126 735 231 787 eleutero
240 736 418 801 induceretur,
429 749 459 790 ut
469 736 569 801 dirum;
580 739 601 788 si
610 749 677 788 terra
688 737 786 788 marive
796 737 837 786 iu·
867 765 870 774 =

65 799 201 869 grerlie'nte
210 821 237 855 se
246 806 417 870 longinquam
425 805 625 871 prosectionem,
644 806 710 857 sorte
720 813 836 867 rorasseg

65 881 96 921 ut
105 871 211 933 laetum,
217 870 365 936 maturique
375 884 401 932 et
409 874 525 940 prosperi
535 873 641 924 reditus.
652 866 710 923 Sed'
717 883 741 922 et
751 881 836 922 osten-

63 938 99 985 tis
108 939 246 1004 praecipue
256 939 416 997 movebatur.
432 942 542 990 Enatam
552 939 620 994 inter
629 941 759 990 iuncturas
770 939 836 1006 lapi-

64 1002 131 1054 dum
142 1015 200 1063 ante
211 1004 321 1067 domum
330 1024 404 1060 suam
418 1009 533 1072 palmam
543 1007 571 1058 in
584 1008 764 1074 compluvium
774 1003 835 1056 dec·

62 1087 126 1121 rum
135 1071 502 1138 BenatIumtraustulitmtque
512 1074 673 1135 coalesceret,
680 1073 836 1140 magnopere

63 1135 175 1218 atterit
186 1137 266 1206 Apud
276 1139 506 1206 insularnCapreas
514 1143 665 1200 veterrimae
673 1137 837 1192 ilicisdcmis-
913 1185 917 1190 ,
945 1145 950 1157 ‘

63 1221 108 1256 sos
117 1205 320 1267 ramadterram,
326 1209 528 1272 languentesque
534 1223 619 1264 ramos
626 1207 786 1272 conualuisse
792 1205 836 1256 ad-

62 1284 146 1331 ventu
157 1289 213 1337 suo,
223 1273 287 1333 adeo
297 1275 403 1325 laetatus
413 1285 458 1336 est,
469 1285 499 1322 ut
509 1291 551 1327 eas
562 1291 624 1326 cum
633 1273 836 1343 republicaNea·
876 1269 881 1284 '
908 1333 909 1338 ¹
968 1309 977 1317 .

62 1341 240 1410 politauorum
250 1341 445 1407 permutaverit,
454 1335 567 1394 Aenaria
577 1340 645 1394 data.
674 1339 836 1392 observabat

63 1418 92 1456 et
102 1405 157 1465 dics
167 1406 305 1474 quosdam,
324 1427 356 1458 ne
367 1420 411 1460 aut
420 1409 544 1475 postridie
555 1408 579 1460 N
581 1410 691 1462 tmdiuas
701 1423 834 1476 quoquam

63 1476 279 1542 proficisceretur,
290 1488 334 1526 aut
343 1476 426 1526 Nonis
436 1476 580 1540 quidquam
589 1479 627 1526 rei
637 1480 717 1526 seriae
728 1474 834 1526 inchoe-

62 1553 115 1592 ret:
125 1543 192 1598 nibil
201 1544 228 1594 iu
238 1543 288 1594 hoc
297 1541 403 1608 quidem
413 1541 484 1603 aliud
494 1542 621 1609 devitans,
627 1555 657 1594 ut
662 1543 833 1596 adTibeuurn

61 1609 173 1668 scribit,
184 1628 262 1678 quam
272 1608 554 1676 ducqqpcloeruomiuie.
913 1659 917 1666 ,

116 1677 212 1728 XCIII.
229 1679 430 1742 Peregrinarum
444 1674 647 1729 cerimoniarum
660 1678 832 1728 sicutreteret
859 1693 861 1698 ’

62 1760 94 1794 ιο
102 1758 250 1812 praeceptas
260 1745 461 1795 reverentissime
472 1741 564 1803 coluit,
585 1745 620 1794 ita
639 1756 751 1796 caeteras
772 1759 833 1792 con·

62 1813 175 1878 temptui
185 1811 284 1862 habuit.
298 1809 536 1877 Namquedthenia
543 1811 658 1864 initiatus
669 1828 751 1878 quum
762 1819 833 1878 post-

63 1895 95 1934 ea
105 1880 203 1937 Romae
212 1897 261 1946 pro
270 1879 393 1931 tribunali
403 1879 436 1930 de
446 1877 582 1945 privilegio
592 1879 755 1933 saco-dotum
765 1877 834 1933 Atti·

63 1963 110 1997 cae
122 1945 224 1999 Cereris
235 1956 407 2011 cognosceret,
421 1958 447 1996 et
457 1943 583 2010 quaedam
593 1947 728 2012 secretione
738 1962 834 2012 propo·

62 2026 205 2075 nereutur,
224 2014 331 2067 dimisso
341 2013 449 2075 consilio
460 2025 485 2067 et
493 2029 589 2078 corona
600 2015 833 2078 circumstantium,

63 2083 135 2132 solus
145 2081 226 2132 audiit
236 2081 417 2146 disceptantes.
438 2080 475 2130 At
488 2091 576 2129 contra
585 2098 638 2129 non
648 2081 727 2132 modo
738 2082 766 2130 in
775 2096 834 2146 perh

63 2146 303 2216 agrandsdegppto
314 2145 571 2214 paullumdeflectene
582 2145 614 2205 ad
620 2147 756 2213 visendum
761 2145 834 2214 Apin
874 2196 877 2204 ,

61 2213 219 2282 supersedit,
239 2215 286 2274 sed
305 2226 330 2265 et
349 2215 443 2264 Caium
461 2226 599 2282 nepotem,
619 2213 691 2280 quod
710 2213 833 2281 iudaeam

61 2283 265 2350 praetervehens
277 2283 351 2351 apud
359 2282 572 2350 Hierosolymam
585 2298 643 2332 nou
657 2284 832 2350 supplicasset,

43 2346 230 2409 ‘connodavit
404 2412 411 2417 ‚
844 2408 847 2412 q

115 2416 214 2470 XCIV.
223 2421 258 2470 Et
268 2417 392 2484 quoniam
401 2415 435 2468 ad
444 2414 507 2469 lrsec
516 2427 624 2469 ventum
634 2429 685 2480 est,
701 2435 754 2468 non
765 2415 796 2468 ab
805 2415 833 2466 te

63 2483 157 2550 luerit,
167 2483 313 2549 subtexere,
338 2501 403 2551 quae
414 2487 452 2546 ei,
471 2481 544 2553 prius
553 2502 632 2551 quam
641 2495 797 2546 nasceretur,
809 2492 834 2532 et
892 2520 896 2524 .

64 2548 212 2620 lpse·natali
227 2552 268 2602 die
282 2570 311 2603 ac
325 2553 446 2619 deinceps
466 2555 614 2614 evenerint,
635 2553 727 2618 quibus
746 2551 833 2602 futura

63 2619 223 2686 magnitudo
234 2623 291 2673 cius.
299 2631 325 2670 et
339 2630 462 2687 perpetue
477 2619 583 2669 felicitas
602 2620 698 2687 sperari
718 2611 846 2666 anirnadn

65 2689 189 2753 vertique
196 2697 290 2751 posset.
295 2687 410 2752 Velitris,
420 2689 560 2753 antiquitus
570 2697 634 2736 taeta
643 2683 675 2736 de
686 2683 834 2749 coeloparte
