2092 3059
215 246 253 305 72
340 196 360 297 'a
451 196 743 313 usvunouu

145 342 149 347 '
216 344 294 396 versis
303 334 335 391 in¹
343 339 444 390 theatro
454 336 511 389 et'a
528 336 654 389 stantibus
675 338 805 405 plausum,
825 336 980 404 grauissime
1033 329 1035 400 l

215 422 320 478 questus
330 420 377 459 est.
397 406 503 457 Amicos
513 408 548 455 its
563 422 671 471 magnos
681 418 707 455 et
716 418 831 473 potentes
841 409 869 455 in
879 407 980 456 civitate

214 496 267 528 esse
279 468 368 535 voluit,
378 485 408 524 ut
416 486 502 523 tamen
512 475 566 539 pari
578 476 633 523 iure
643 488 735 535 essent,
756 491 809 539 quo
818 476 922 535 caeteri,
941 476 980 522 le-

213 545 338 611 gibusque
351 541 488 592 iudiciariis
498 552 577 606 aeque
591 552 746 590 tenerentur.
768 540 838 590 Cum
848 542 979 608 Asprenas

213 612 323 673 Nonius,
335 609 414 660 artius
425 610 448 657 ei
459 610 568 668 iunctus,
579 624 695 657 catusam
705 610 831 675 veneficii,
842 622 977 659 accusante

215 678 301 729 Cassio
312 678 417 737 Severo,
426 675 532 726 diceret:
552 676 682 725 consuluit
691 674 825 737 Senatum,
847 675 913 741 quid
923 676 978 726 offi-

136 802 139 809 .
214 748 247 796 eii
257 744 296 795 sui
305 754 416 813 putaret:
448 744 575 794 emereri
584 744 704 802 animae,
722 761 765 805 ne,
774 744 811 809 'si
819 754 976 810 superesset,

213 816 328 881 eriJsmt
336 810 444 884 legibus
454 828 540 861 reum.-
549 810 593 860 ein
600 810 978 879 deesset,destituereaeprne·

213 882 343 932 damnare
352 878 466 929 anticum
475 878 683 929 ekistimaretur.
713 880 747 927 Et
757 880 978 929 consentientibus

213 950 354 1010 universis,
374 944 440 1010 sedit
449 948 476 996 in
486 945 614 995 subselliis
642 964 670 995 er
679 944 776 1011 aliquot
786 946 873 996 boras:
885 964 977 996 terum

145 1007 150 1015 ⁶
213 1017 317 1074 tacitus,
327 1031 356 1063 ac
368 1030 401 1063 ne
411 1011 556 1063 laudatione
567 964 676 1090 quidem
686 1012 803 1063 iudiciali
813 1013 881 1065 «lata.
893 1014 977 1064 Alluit
1034 1009 1035 1026 ¹

213 1094 238 1132 et
247 1080 384 1132 clientibus
392 1096 398 1129 :
407 1082 475 1130 sicut
480 1078 595 1131 Scutario
606 1079 720 1143 atridam,
731 1092 833 1131 evocato
843 1081 977 1146 quondam

212 1167 273 1213 suo,
293 1151 338 1215 qui
348 1148 523 1217 postulabatur
533 1147 705 1197 iniuriarum.-
729 1150 821 1201 Vnum
836 1149 948 1198 omnino
963 1164 978 1195 e

178 1252 181 1258 ·
211 1234 316 1268 reorum
326 1232 444 1277 numero,
455 1230 483 1267 ao
491 1230 526 1264 ne
537 1231 598 1265 enm
608 1216 723 1280 quidem,
733 1217 783 1264 nisi
792 1216 980 1281 precibus,eri-
1035 1263 1036 1266 ,

211 1288 277 1353 puis,
289 1297 391 1334 exorato
401 1300 489 1332 eoram
499 1281 627 1332 iudicibus
638 1293 791 1343 accusatore,
810 1280 977 1344 Castricium,
1035 1339 1036 1342 Ἴ

211 1369 258 1421 per
268 1370 346 1417 quem
356 1350 388 1399 de
397 1350 569 1400 coniuratione
581 1349 706 1398 Murenae
716 1360 881 1415 cognoverat.

256 1419 346 1470 -LVIL
366 1416 418 1467 Pro
429 1416 522 1483 quibus
537 1417 634 1466 meritis
650 1427 806 1482 quantopere
817 1417 927 1467 dilectus
937 1418 978 1481 sit,

211 1486 285 1539 facile
293 1498 331 1537 est
336 1484 487 1536 existimare.
495 1483 594 1533 Omitto
604 1484 834 1543 senatusconsulta,
842 1502 908 1549 quae
920 1502 980 1551 pos·

211 1566 273 1606 sunt
288 1554 371 1606 rideri
387 1553 430 1603 vel
446 1552 593 1601 necessitate
614 1567 731 1617 expressa
751 1551 792 1600 rel
812 1551 980 1603 uerecundia.

211 1623 317 1689 Equites
327 1619 434 1689 Rotnani
444 1621 556 1669 natalem
571 1619 626 1667 eius
641 1629 733 1691 sponte
751 1629 828 1684 atque
848 1636 981 1675 consensu

210 1689 292 1739 biduo
302 1706 404 1756 semper
415 1688 587 1738 celebrarunt.
618 1685 717 1735 Omnes
728 1686 830 1740 ordines
846 1686 874 1736 in
890 1690 981 1737 laeum

163 1791 166 1799 ·
212 1757 299 1807 Curtii
309 1757 454 1822 quotannis,
465 1772 495 1803 ex
504 1764 573 1813 voto,
584 1769 631 1819 pro
641 1754 723 1803 salute
734 1755 788 1802 eius
797 1755 894 1819 stipem
904 1756 982 1804 iacie-

211 1822 285 1889 b'ant3
305 1826 368 1873 item
383 1819 508 1872 Kalendis
524 1819 650 1871 Ianuariis
668 1823 781 1870 strenam
800 1822 828 1869 in
838 1820 981 1888 Capitolio,

213 1894 292 1943 etiam
302 1890 412 1941 absenti:
424 1904 455 1939 ex
465 1904 515 1953 qua
525 1904 626 1937 summa
655 1889 816 1937 retiosissima
823 1887 937 1939 deorum
946 1890 984 1937 si·

212 1961 326 2009 mulacra
347 1967 488 2015 mercatus,
509 1956 617 2006 vicatim
626 1907 768 2016 diliebat,
788 1968 818 2005 ut
827 1955 984 2021 Apollinem

212 2024 436 2078 Sandaliarium‘et
444 2021 534 2073 louein
543 2020 720 2087 Tragoedum,
731 2024 840 2087 aliaque.
849 2036 853 2041 ’
862 2023 893 2073 Iu
903 2025 985 2072 resti-

211 2095 337 2143 tutionem
348 2090 478 2140 Palatinae
489 2088 595 2150 domus,
607 2090 726 2139 incendio
736 2089 896 2156 absumptae,
909 2102 986 2139 vete·

211 2161 277 2221 rani,
288 2154 413 2219 decuriae,
423 2156 512 2217 tribus,
534 2167 609 2222 atque
620 2157 698 2205 etiam
708 2157 843 2222 sigillatim
853 2174 867 2205 e
878 2168 986 2207 caetero

213 2240 306 2293 genere
316 2224 576 2285 hominum,libentes
586 2239 615 2274 sc
624 2240 671 2291 pro
681 2223 800 2273 facultate
811 2225 932 2290 quisque,
939 2240 987 2290 pe-

213 2292 487 2344 cuniascoutulerunt:
507 2290 637 2342 delibante
657 2290 837 2341 tantummodo
856 2308 888 2339 eo
909 2308 988 2341 sum-

213 2378 315 2411 marum
330 2377 444 2421 aceruos,
464 2375 549 2425 neque
565 2375 596 2409 ex
606 2374 737 2425 quoquam
747 2359 806 2425 plus
816 2357 928 2409 denario
939 2376 989 2408 au-

212 2428 320 2479 serente.
347 2422 528 2481 'Revertentem
538 2443 569 2475 ex
579 2427 709 2493 provincia
720 2443 772 2475 non
788 2428 875 2475 solum
890 2426 989 2484 faustis

135 2510 141 2523 ‘
214 2496 356 2559 ominibus,
375 2494 456 2545 sedet
470 2491 610 2544 modulatis
619 2493 778 2545 carminibus
786 2494 990 2561 prosequeban-

213 2574 265 2615 tnr.
295 2562 467 2613 Observatum
476 2562 553 2611 etiam
563 2572 613 2620 est,
634 2579 676 2623 ne,
688 2562 788 2626 quoties
802 2563 925 2613 introiret
941 2578 991 2611 ur·

213 2628 282 2691 bem,
293 2632 451 2745 supplicium
460 2626 493 2677 de
504 2644 637 2695 quoquam
646 2642 800 2678 sumeretur.

265 2696 340 2747 LVll
354 2694 449 2745 .Pstris
459 2696 553 2761 patriae
563 2710 707 2761 cognomen
717 2696 832 2746 universi
841 2700 991 2764 repentino

213 2765 377 2828 maximoque
387 2777 513 2812 consensu
523 2760 674 2811 desiderunt
683 2763 715 2812 ei.
726 2772 730 2779 ’
744 2761 846 2826 Prima,
858 2765 939 2838 plebs
949 2767 988 2817 lo
