2092 3059
145 220 149 225 1
215 154 266 231 ⁴70
397 137 755 218 ‘usvrrorrr

227 250 300 315 mina
309 247 350 298 rel
360 246 470 298 maxime
480 244 642 307 obiiceretur,
663 242 733 310 quod
752 243 821 294 male
835 246 946 310 opinari
961 240 995 294 de

228 314 333 365 Caesare
343 315 444 369 soleret,
456 328 591 361 conversus
600 312 635 361 ad
644 323 827 372 accusatorem,
843 322 996 361 commoto·

227 396 276 446 que
287 378 389 429 similis:
412 377 506 439 Velim,
516 375 607 443 inquit,
616 378 665 428 boc
675 378 740 427 nati
747 377 857 445 probes:
868 374 996 442 faciam,

188 440 191 446 '
228 447 299 497 sciat
309 444 448 505 Aelianus,
468 454 495 495 et
505 462 545 494 me
558 444 682 515 linguam
695 444 804 495 habere.-
821 444 912 512 plura
922 447 996 509 enim

229 514 261 565 de
278 528 308 563 eo
327 504 430 581 loquor.
460 514 513 563 Neo
526 509 668 577 quidquam
679 513 755 575 ultra,
765 523 809 562 aut
823 514 929 575 statim,
950 522 995 563 aut

228 590 314 647 postea
324 580 465 645 inquisivit.
495 578 601 635 Tiberio
611 596 722 644 quoque,
741 578 874 629 decadem
883 594 924 639 re,
948 577 995 628 sed

229 647 379 705 violentius,
401 644 471 711 apud
480 662 507 694 se
517 662 563 711 per
574 647 707 711 epistolam
717 644 892 710 conquerenti,
905 648 944 695 ita
953 663 994 695 re·

228 714 339 781 acripsit:
349 714 444 763 Aetati
454 720 526 770 tuoe,
537 712 574 764 mi
585 711 683 773 iliberi,
696 712 755 762 noli
763 714 794 762 in
802 711 852 761 hoc
862 729 891 761 re
901 711 994 762 indul-

226 797 300 852 gere,
320 788 347 831 et
356 778 467 831 nimium
477 778 619 848 indignari
624 815 632 838 ,
651 793 881 848 quemquomesee,
903 779 993 847 quide

229 844 348 899 meinati
358 845 492 912 loquatur.
522 846 596 901 Satis
606 854 647 895 eet
656 848 739 911 enin,
758 847 785 897 ei
793 844 991 908 lsocltabemue,

229 930 262 966 rte
271 914 331 983 quis
340 912 418 963 nobie
426 909 596 977 malefacere
606 915 703 979 pessit.

172 988 176 995 “
277 980 336 1031 LII.
346 981 463 1046 Templa,
473 978 590 1045 quamvis
599 979 679 1040 sciret,
699 980 778 1031 etiam
787 977 991 1046 proconsulibus

228 1046 331 1097 decerni
341 1048 431 1109 solere,
442 1048 469 1095 in
479 1046 552 1097 nulla
563 1058 649 1096 tamen
658 1048 799 1115 provincia,
810 1047 860 1095 nisi
870 1062 992 1097 commu-

228 1116 263 1175 ni,
274 1130 321 1163 suo
331 1114 477 1177 Romaeque
489 1115 602 1174 nomine,
614 1116 717 1179 recepit.
737 1113 806 1163 Nam
815 1115 844 1161 in
854 1112 993 1178 urbcqui-

227 1178 287 1229 dem
296 1181 495 1247 pertinacissime
506 1179 630 1229 abstinuit
638 1180 687 1229 hoc
697 1180 802 1230 honore.
810 1177 901 1244 Atque
912 1182 993 1231 etiam

227 1259 359 1312 argenteas
369 1258 474 1308 statuas,
495 1246 559 1295 olim
568 1246 617 1295 sibi
632 1246 739 1313 positas,
759 1249 880 1297 conflavit
889 1264 990 1307 omnes,

228 1329 308 1379 exque
323 1314 353 1364 iis
369 1330 455 1363 aureas
464 1311 578 1363 cortinas
588 1312 704 1379 Apollini
719 1313 836 1364 Palatino
851 1312 990 1364 dedicavit.

227 1376 388 1430 Dictaturam
407 1390 500 1445 magne
512 1381 539 1428 vi
552 1380 673 1429 offerente
682 1382 793 1447 populo,
811 1396 883 1445 genu
902 1383 990 1444 nixus,

228 1445 324 1497 deiecta
334 1446 366 1495 ab
376 1444 489 1494 humeris
500 1458 569 1509 toga,
583 1446 655 1496 nudo
664 1460 765 1513 pectore
776 1449 808 1498 de
826 1459 930 1498 recatus
942 1460 989 1499 est·

276 1511 348 1579 Lm,
359 1512 464 1562 Domini
474 1514 681 1579 appellationem,
692 1524 721 1562 ut
729 1516 795 1563 male
815 1516 897 1564 ictum
908 1526 936 1566 et
946 1533 991 1581 op-

226 1579 480 1647 probrium‚'semper
491 1580 629 1628 exhorruit
658 1582 756 1647 Quum,
767 1593 897 1647 spectante
908 1599 940 1631 eo
951 1583 991 1631 lu-

227 1646 287 1709 dos,
306 1648 501 1714 pronuntiatum
517 1657 581 1695 esset
595 1648 623 1695 iu
632 1648 771 1707 mimorO
789 1648 928 1699 uminum
946 1668 991 1703 ae-

201 1771 205 1779 ,
230 1719 307 1783 ‘prtum
317 1723 345 1763 et
354 1712 464 1763 bonum!
480 1724 506 1762 et
514 1714 634 1776 universi,
645 1714 717 1780 quasi
725 1709 758 1761 de
768 1714 824 1780 ipso
834 1715 939 1767 dietum
948 1734 991 1767 ex-

227 1781 351 1830 sultantes
360 1777 579 1844 comprobassent:
589 1792 615 1828 et
624 1780 710 1830 statim
719 1798 801 1830 manu
812 1782 941 1848 vultuque
951 1786 989 1833 in-

228 1844 331 1897 decorae
341 1844 497 1895 adulatioues
507 1847 631 1911 repressit,
651 1858 676 1895 et
684 1846 829 1911 insequenti
839 1849 882 1899 die
892 1852 989 1915 gravis·

226 1914 294 1961 simo
304 1910 425 1976 corripuit
434 1909 531 1972 edicto,
552 1911 739 1978 dominumque
747 1931 775 1961 se
786 1915 892 1981 postbac
900 1918 990 1983 appel-

225 1980 273 2029 lari
283 1994 315 2027 ue
325 1977 434 2027 eliberit
446 1975 552 2042 quidem
561 1990 606 2028 aut
619 1980 756 2045 nepotibus
773 1983 838 2045 suis,
859 1984 903 2033 vel
922 1986 989 2034 serio

212 2044 216 2052 ¹
228 2047 271 2097 vel
282 2046 349 2104 ioco,
360 2060 448 2109 passus
459 2054 506 2093 est:
518 2056 592 2109 atque
602 2046 753 2097 huiusmodi
763 2047 900 2099 blanditias
911 2054 989 2100 etiam

228 2112 294 2163 iuter
302 2112 371 2181 ipsos
381 2110 522 2175 prohibuit.
548 2112 607 2163 Non
616 2124 711 2161 temere
721 2114 784 2162 urbe
794 2114 925 2181 oppidove
936 2119 990 2166 ullo

228 2193 350 2245 egressus,
361 2188 404 2227 aut
414 2194 545 2243 quoquam
554 2180 683 2245 ingressus
693 2192 743 2242 est,
754 2184 805 2235 uisi
815 2186 936 2249 vespera,
948 2194 991 2234 aut

184 2247 185 2250 ’
228 2255 319 2296 noctu:
335 2261 455 2309 nequem
465 2244 540 2295 officii
551 2262 638 2295 cerusa
647 2246 812 2312 inquietaret.
832 2250 981 2306 Inconsula

229 2324 265 2375 tu,
276 2310 386 2379 pedibus
397 2312 456 2375 lere,
468 2313 716 2373 extraeonsulatum,
726 2332 801 2381 saepe
811 2314 933 2382 adaperta
943 2320 992 2368 sel-

230 2377 262 2435 la,
273 2395 319 2444 per
333 2378 469 2445 publicum
484 2378 594 2429 incessit.
622 2379 777 2431 Prcmiscuis
796 2380 992 2437 salutationibus

230 2444 381 2496 admittebat
400 2458 425 2496 et
438 2446 554 2513 plebem3
573 2457 643 2498 tanta
653 2450 772 2499 comitate
782 2448 938 2501 adeuntium
947 2453 992 2502 de-

229 2510 323 2562 sideria
333 2514 472 2579 excipiens,
489 2524 518 2561 ut
528 2514 660 2579 quendam
669 2518 726 2565 ioco
736 2519 900 2583 corripuerit,
921 2516 992 2586 quod

139 2637 148 2645 s
228 2581 268 2629 sic
277 2576 329 2629 sibi
338 2578 455 2630 libellum
461 2580 603 2650 porrigere
613 2582 756 2646 dubitaret,
761 2586 839 2653 quusi
848 2584 991 2653 elephanto

230 2647 337 2719 strpere,
358 2648 407 2697 Die
417 2646 524 2697 Senatru
535 2651 678 2719 numquam
687 2664 781 2719 patres,
799 2654 851 2707 nisi
866 2652 896 2705 iu
910 2656 991 2720 euru,
