2092 3059
338 172 579 229 sinamve·
659 204 662 213 i
696 153 699 160 '
788 183 843 240 103

71 273 266 327 condemnavit.
298 273 421 340 Interque
431 273 635 344 lmecduplicem
652 272 843 330 curiam'admi·

69 344 193 394 ni'strarit
203 358 326 402 armenas,
337 345 507 408 quaearctior
518 343 654 408 inciderat,
666 357 691 394 et
699 362 843 414 repurgau-

70 408 171 463 dorum
181 409 318 468 totaltali3i
329 411 533 475 ergastulorum,
560 427 674 479 quorum
692 412 794 464 domini
814 416 842 464 in

70 476 201 540 invidiam
212 488 347 539 veuermt,
364 480 435 541 quasi
446 489 565 544 exceptos
574 481 777 546 supprimerent,
788 497 841 529 non

52 540 57 551 ⁸
71 545 163 608 solum
174 545 298 604 viatores,
319 541 365 591 sed
380 553 406 592 et
420 559 484 608 quos
493 547 645 596 sacramenti
654 557 740 598 metus
749 545 858 602 atha.

72 607 191 662 iusmodi
202 608 311 658 latebras
322 609 497 676 compulisset.

127 677 175 728 tx.
187 674 323 742 Stipendia
333 676 417 743 prima
427 671 588 742 expeditione
598 675 748 728 Cantabrica
761 677 842 729 tribn-

40 789 46 796 ,
71 761 126 800 nus
136 742 250 795 militum
259 743 331 806 iecit3
352 742 456 807 deiude,
470 741 550 794 ducto
559 742 592 794 ad
602 745 740 796 Orientem
750 747 843 795 exeneis

74 825 120 875 tu,
130 828 157 861 re
177 827 242 859 num
252 807 390 860 Armeniae
400 810 507 876 Tigrani
522 815 646 876 restituit,
665 828 695 864 ac
703 829 750 881 pro
762 813 843 862 tribu»

73 880 129 930 nali
151 828 271 927 ‹badema
289 877 423 944 imposuit.
442 877 549 944 Recepit
564 890 588 929 et
607 882 694 948 signa,
716 897 781 946 quae
801 883 841 934 tt.

74 945 171 998 Crasso
181 942 330 994 ademerant
339 942 436 995 Parthi.
456 943 582 996 Posthaec
591 949 717 998 comatam
728 948 842 998 Galliam

74 1030 145 1064 auno
154 1013 209 1062 lere
219 1011 294 1073 rexit,
305 1021 330 1059 et
338 1011 506 1062 barbatorum
515 1011 703 1064 incursionibus
713 1026 737 1066 ct
743 1017 843 1133 princi·

74 1099 142 1150 pum
152 1077 440 1144 discordiaiuquietam.
469 1078 573 1130 Exhinc
581 1079 732 1131 libesticum
760 1067 843 1132 'indess

73 1148 209 1212 licumque
219 1145 331 1204 bellum,
346 1145 409 1196 inde
420 1145 613 1209 Pannonicum,
630 1147 691 1197 iude
702 1148 842 1198 Germani·
864 1188 878 1208 ,,

75 1233 138 1266 eum
147 1212 234 1281 gessit.
260 1211 380 1261 Rba‘ctico
392 1223 467 1278 atque
477 1211 616 1264 Vindelico
626 1225 713 1278 gentes
724 1213 842 1280 Alpinas,

63 1281 225 1334 'Pannonico
234 1279 344 1328 Bieucos
359 1291 384 1330 et
394 1279 527 1330 Daluutas
542 1281 653 1346 subegit.
685 1281 843 1347 Germanico

75 1344 244 1418 quadraginta
254 1345 338 1396 millia
347 1344 610 1406 deditiorurntraiccit
620 1349 647 1397 in
655 1347 778 1408 Galliam,
786 1349 847 1406 iu'xz
903 1335 912 1388 ἱη
978 1337 997 1350 ”

76 1431 154 1484 taque
169 1416 253 1480 ripam
263 1412 343 1462 Rheni
353 1413 457 1464 sedibus
467 1415 601 1482 assignatis
612 1415 755 1466 collocavit.
771 1399 842 1481 Quas

75 1483 109 1536 ob
119 1499 160 1532 res
170 1492 196 1531 et
204 1496 284 1548 ovans
295 1492 320 1530 et
330 1492 410 1532 curru
419 1481 511 1532 urbem
528 1485 659 1550 ingressus
673 1494 720 1546 est,
741 1485 841 1548 primus

75 1564 107 1602 ιιι
117 1546 226 1616 quidam
235 1559 340 1613 putant,
352 1547 553 1614 triumphalibus
563 1551 719 1610 ornamentis
730 1548 842 1598 bonora-

74 1631 209 1684 umnam
219 1621 350 1664 nec'autea
365 1614 488 1680 cuiquam
502 1614 599 1675 tribillo
615 1631 708 1679 genere
728 1613 841 1665 honoris.

74 1685 243 1750 Magistratus
253 1693 279 1730 et
289 1680 416 1732 maturius
431 1681 574 1744 inchoavit,
595 1694 619 1731 et
632 1697 714 1747 paene
730 1683 842 1732 iunctim

72 1749 250 1820 percucurrit,
277 1760 454 1814 quamnam,
469 1759 639 1815 praeturam,
662 1749 841 1801 consulatum:

73 1816 277 1884 interpositoque
289 1828 417 1882 tempore,
428 1814 527 1866 Consul
537 1816 633 1865 iterum
642 1808 721 1867 eitaiu
730 1815 843 1867 tribuni·

74 1890 138 1940 tiam
149 1889 302 1950 potestatem
312 1883 339 1931 iii
350 1884 561 1948 quinquennium
570 1885 693 1948 accepit„
728 1913 730 1918 ·
881 1938 887 1949 s

109 1949 847 2016 Xlruprosperisconuueniibns,integraaeureacvsls

74 2016 176 2079 tudine,
185 2017 273 2066 statuit
282 2027 389 2082 repente
399 2016 518 2066 secedere
524 2027 541 2080 ,'
552 2024 631 2082 seque
641 2031 655 2065 e
665 2011 751 2066 medio
762 2031 841 2082 quam

73 2085 230 2152 longissime
240 2097 384 2132 semovere:
394 2079 513 2142 dubium,
524 2085 644 2133 uxorisne
654 2081 751 2147 taedio,
763 2097 842 2150 quarn

24 2207 28 2216 ¹
74 2167 161 2219 neque
170 2149 300 2200 criminari
309 2159 354 2200 aut
362 2145 489 2200 dimittere
498 2149 776 2214 auderetuequenltra
784 2167 842 2217 per·
902 2184 911 2205 2

72 2219 144 2269 serre
173 2228 290 2284 ossetan,
301 2227 330 2265 ut
339 2217 417 2266 citato
426 2213 580 2267 assiduitatis
590 2215 843 2278 lastidio‚auctorito·
882 2215 884 2220 ’

73 2282 154 2337 teins
186 2284 842 2352 entisutereturatqueetiamaugeretsiqrrandoin-

73 2341 841 2420 diguissetsuiRerpublica.Quirhmexisdmantadultisiam

72 2420 189 2486 Augusti
199 2419 298 2478 liberiu
309 2419 367 2467 loco
376 2427 403 2467 ct
411 2419 482 2484 quasi
492 2417 651 2484 possessione
661 2423 777 2484 usurpati
790 2435 803 2467 a
814 2419 842 2465 se
915 2423 918 2428 '

72 2485 123 2542 (liu
132 2484 241 2536 secundi
252 2483 347 2552 gradus
356 2495 448 2550 sponte
457 2485 570 2548 cessisse,
577 2487 695 2552 exemplo
700 2487 739 2536 Μ.
746 2483 841 2550 Agrip·

71 2571 136 2622 pae,
146 2555 199 2620 qni,
208 2551 248 2600 M.
257 2552 381 2606 Marcello
390 2549 425 2602 ad
434 2568 544 2602 munera
553 2551 658 2618 publica
667 2552 778 2609 admoto,
789 2550 841 2600 Mi-

73 2621 176 2688 tylenae
187 2617 277 2671 abierit
283 2628 296 2682 ,·
310 2635 344 2668 ne
358 2629 402 2667 aut
411 2618 510 2667 obstare
519 2631 564 2668 aut
573 2618 712 2668 obtrectare
720 2629 840 2683 praesens
924 2635 928 2641 ¹

75 2687 219 2765 viilereturt
227 2685 313 2753 Quam
324 2701 440 2758 catu-sam
450 2686 546 2752 etipse,
556 2682 601 2736 scd
610 2694 708 2750 postea,
718 2679 831 2734 reddidit
