2092 3059
307 160 567 236 ocrlvrvs.
786 187 846 269 ω’

17 314 23 327 .
55 282 193 353 usquead
215 282 347 335 devictum
357 282 514 346 Antonium,
534 285 599 335 item
617 282 819 347 Germanorum,

20 406 23 413 Δ
52 370 136 419 quam
146 366 228 417 usque
239 350 272 401 ad
281 350 380 401 cladem
385 352 534 415 Varianam,
543 354 611 401 inter
621 355 761 418 armigeros
771 356 821 405 eir-

15 436 17 453 1
52 438 115 469 case
123 418 256 469 habuerat.
266 415 357 485 Ne'que
367 429 452 469 tamen
457 434 584 483 umquam
588 421 763 485 plures,quam
769 431 821 470 tres

52 486 181 548 cohortes,
209 486 237 533 in
248 486 310 534 urbe
322 501 375 534 esse
385 502 473 553 passus
484 497 530 546 est,
550 502 642 551 easque
653 489 708 535 sine
719 488 820 536 castris:

51 555 165 617 reliquas
177 554 204 603 iu
215 552 325 601 hiberna
336 562 360 599 et
370 552 476 612 aestiva,
496 554 564 602 circa
583 555 692 604 finitima
713 552 819 631 oppida,

54 619 185 673 ¹limitters
203 630 323 668 assuerat.
353 617 589 684 Quirlquidaautem
599 615 694 684 nisique
705 622 819 669 muitum
895 664 899 678 ,
968 614 973 621 ’

52 697 132 746 esset,
144 682 176 735 ad
185 698 281 736 certam
291 685 478 751 stipendiorum
486 684 712 751 praemiorumque
721 687 821 735 sormu-

51 757 105 803 lam
116 750 261 803 adstrinxite
279 752 389 801 delinitis
401 768 450 818 pro
459 749 541 817 gradu
551 751 674 817 cuiusque
685 764 711 801 et
720 764 820 817 tempo-

50 820 124 870 ribus
135 819 240 867 militiae
250 830 276 869 et
284 819 431 883 commodis,
442 818 610 884 missionum:
628 835 663 868 ne
678 830 725 869 ant
738 830 818 870 acute

48 898 96 937 aut
106 887 195 949 inopia
204 898 262 951 post
272 887 422 934 missionem
432 885 552 935 solicitari
562 887 595 936 ael
605 902 645 935 res
660 902 739 937 novas
758 903 820 953 pos-

48 964 120 1003 sent.
148 954 236 1017 thue
246 964 371 1019 perpetuo
381 954 475 1001 acsine
491 950 639 1005 difficultate
648 966 768 1021 sumptus
783 953 818 1005 ad

49 1019 163 1070 tuendos
182 1036 225 1069 eos
244 1019 487 1097 prosequendosque
507 1031 667 1086 suppeteret,
687 1024 818 1071 aerarium
892 1015 912 1029 ⁰

47 1089 165 1136 militare
177 1102 236 1135 curn
248 1086 417 1151 vectigalibus
425 1102 501 1139 novis
517 1088 638 1136 instituit.
670 1088 704 1136 Et
714 1105 765 1154 qno
776 1106 818 1139 ce-

48 1156 129 1204 lerius
140 1168 168 1202 ae
178 1153 226 1203 sub
237 1170 344 1203 manum
359 1154 510 1203 annuntiari
530 1154 706 1219 cognoscique
722 1168 817 1221 posset,

50 1220 117 1286 quid
134 1221 304 1284 inprovincia
319 1236 421 1285 quaque
431 1232 582 1283 gereretur,
604 1219 711 1270 iuvenes
730 1223 817 1287 primo

47 1287 162 1337 modieis
172 1286 313 1337 intervallis
323 1304 370 1353 per
379 1286 499 1335 militares
511 1288 573 1349 rias,
584 1285 678 1335 dehinc
687 1286 817 1347 uehicula,

48 1352 185 1419 disposuit.
216 1352 386 1403 Commodius
402 1352 430 1403 id
439 1354 523 1403 visum
534 1358 583 1412 est',
604 1366 643 1415 ur,
664 1355 709 1419 qui
720 1374 739 1427 Ιι
758 1356 816 1404 loco

48 1420 195 1488 perferrent
204 1420 314 1481 litteras,
329 1419 411 1471 iidem
421 1422 574 1485 interrogari
582 1430 700 1487 qnoque,
719 1420 816 1489 siquid

47 1504 91 1537 res
103 1490 228 1552 exigeret,
244 1498 358 1555 possem.
819 1519 821 1522 -

101 1556 134 1605 L.
155 1556 186 1603 ln
197 1553 223 1604 di
242 1554 381 1614 lomatibus
391 1551 540 1619 libellusque
550 1558 579 1605 et
589 1554 704 1621 epistolis
713 1557 819 1619 signan-

49 1618 104 1683 dis,
125 1619 196 1670 initio
236 1621 336 1688 phinge
355 1636 417 1669 usus
438 1632 489 1683 est3
513 1638 575 1669 mox
593 1622 706 1685 imagine
725 1620 816 1689 llagni

48 1685 209 1737 Alexandri:
227 1688 367 1738 novissime
377 1705 431 1745 sua,
451 1687 610 1737 Dioscuridis
620 1688 816 1754 rumusculus,

49 1773 101 1821 qua
112 1756 214 1821 signare
226 1753 332 1803 insecuti
352 1770 455 1819 quoqne
470 1752 601 1821 principes
609 1768 817 1821 perseverarunt.

48 1822 94 1873 Ad
104 1822 223 1889 epistolas
234 1838 325 1871 omnes
341 1820 464 1869 horarum
479 1838 584 1885 quoque
602 1821 747 1881 momenta,
767 1840 816 1871 nee

49 1890 104 2005 (1ῗᾶ
111 1888 190 2004 rpodo
201 1886 283 1955 sed-et
292 1890 388 1950 nocns,
409 1887 504 1953 quibus
512 1888 592 1955 ²elatae
602 1877 816 1954 significarentur,
869 1903 876 1907 '⁴

50 1972 65 2005 a
104 1972 118 2003 e
137 1966 171 2005 at.
363 2005 369 2015 ,

102 2022 149 2071 LI.
169 2020 327 2073 Clementiae
343 2022 520 2087 ciuilitatisque
530 2023 585 2072 eius
594 2022 676 2073 multa
687 2033 713 2073 et
721 2039 817 2089 magna

47 2088 207 2139 documenta
218 2100 286 2138 sunt.
297 2089 337 2139 Ne
348 2105 505 2149 tumueram,
517 2101 583 2155 quot
592 2101 618 2139 et
627 2107 692 2155 quos
703 2090 817 2141 diversa-
850 2094 856 2105 “

46 2156 234 2221 rumpartium
245 2160 320 2207 venia
331 2167 356 2205 et
366 2156 541 2206 incolumitate
547 2155 662 2217 donatos,
669 2159 816 2223 principem
889 2159 893 2163 ’

47 2224 128 2272 etiarn
139 2224 167 2271 in
177 2224 279 2274 civitate
289 2223 375 2273 locum
384 2234 479 2286 tenere,
490 2223 632 2290 persuasit:
644 2223 751 2274 lunium
761 2222 815 2274 No·

49 2301 142 2341 vatum
152 2302 177 2340 et
188 2288 307 2339 Cassium
317 2289 489 2355 Patavinum,
497 2306 511 2338 e
520 2289 597 2357 plebe
607 2288 734 2352 homines,
752 2292 815 2340 alte·
898 2328 904 2343 .

47 2374 112 2405 rum
121 2358 239 2423 pecunia,
256 2360 366 2409 alterum
376 2358 427 2407 leri
434 2352 513 2407 'exilio
522 2357 624 2433 punire,
642 2358 701 2407 satis
711 2357 815 2409 habuit:

47 2440 133 2489 quum
143 2424 202 2486 ille,
213 2422 344 2491 Agrippae
354 2424 453 2475 invenis
463 2439 583 2487 nomine,
603 2426 770 2490 asperrimam
780 2423 814 2478 de

47 2506 74 2539 ae
85 2493 223 2557 epistolam
234 2492 261 2541 iu
271 2491 365 2557 vulgus
378 2488 511 2543 edidisset:
532 2490 590 2553 hie,
598 2492 717 2542 convivio
728 2491 814 2556 pleno,

46 2560 245 2623 proclamasset,
265 2575 297 2609 ne
315 2568 447 2609 neverum
461 2556 514 2607 sibi
528 2574 612 2625 neque
632 2558 752 2607 animum
770 2556 816 2606 de-

47 2640 117 2685 esse,
138 2622 280 2693 confodien
329 2644 397 2677 eum·
432 2624 558 2743 Suadam
576 2641 638 2674 vero
657 2621 814 2687 cognitione,

47 2705 132 2758 quum
141 2690 382 2763 Aemilio-Aeliano,
394 2691 432 2744 Co
464 2692 555 2743 ubensi
561 2727 570 2756 ,
580 2694 648 2742 intes
656 2700 754 2740 tactem
764 2690 814 2738 cri·
