2092 3059
111 178 115 181 ”
202 172 237 230 38
360 178 362 181 ’
434 163 728 227 (ΥΠΕΤΟΜῙ

187 272 314 319 ,Ιεεῐῐιπιὲ
333 270 504 323 commiscuit.
531 271 614 333 Dein,
633 266 966 346 pluribna‘hostiis'eaepis,

202 352 262 385 enm
272 336 344 387 litare
354 353 407 395 non
416 349 508 405 posset,
514 339 611 389 introiit
621 341 727 403 curiam,
734 350 818 407 spreta
828 340 967 405 religione,

198 401 412 471 Spurinnamque
422 406 546 470 irridens,
566 417 591 455 et
599 417 629 455 ut
637 407 732 457 falsum
741 422 861 471 arguens,
878 403 966 470 quod,

202 469 256 521 aine
267 471 319 522 ulla
328 478 407 533 noua,
423 472 486 522 ldus
496 472 602 522 Martiae
612 472 743 522 adessent:
754 488 923 538 ,quamquam
932 473 965 533 is,

182 585 191 595 ,
204 536 302 589 neuim
314 535 419 601 quidem
429 556 470 589 eas
481 536 592 600 diceret,
607 538 714 589 sednon
725 540 887 606 praeterisse.

221 604 225 610 “
253 604 383 657 LXXXII.
402 602 567 655 Assidentem
582 606 720 672 conspirati
731 608 817 672 specie
827 603 968 656 officiicir-

202 682 401 731 ettmsteteruntt
419 674 542 739 illicoque
553 672 659 725 Cimber
668 672 784 736 Tullius,
804 673 850 737 qai
866 673 967 738 primas

201 748 286 804 partas
296 752 453 807 susceperat,
469 742 543 806 quasi
553 739 651 805 aliquid
660 750 796 805 rogaturus
805 740 914 805 propius
923 754 969 788 ac-

167 860 171 863 ·
202 807 287 857 cessit:
296 808 468 873 renuentique
478 818 504 855 et
516 818 589 873 gestu
598 808 626 855 in
634 807 706 857 aliud
715 818 816 874 tempus
827 806 966 867 differenti,

202 868 237 920 ab·
250 882 358 937 utroque
374 872 483 924 humero
493 885 579 941 togam
599 872 777 940 apprehendit:
798 870 893 940 deinde
912 874 967 921 cla-

202 948 325 1001 mantem,
335 940 355 988 I
353 948 398 989 sta
407 940 511 1011 quidem
520 941 562 991 vis
572 948 621 1000 est,
631 942 695 991 alter
705 939 816 999 eCassiis
826 935 967 988 adversum

156 1018 164 1021 ·
202 1006 436 1071 vulneratpaulurn
452 1008 518 1057 infra
533 1008 663 1074 iugulum.
693 1005 786 1056 Caesar
805 1004 887 1055 Cassii
905 1003 968 1055 bra·

202 1069 291 1121 chium
300 1084 431 1139 arreptum
441 1072 549 1141 graphio
558 1075 666 1125 traiecit:
675 1086 831 1137 conatusque
837 1071 967 1137 prosilire,

201 1139 253 1187 alio
263 1139 369 1191 ualuere
379 1142 491 1193 tardatus
503 1154 550 1192 est.
581 1140 668 1208 thue
679 1138 867 1200 animadvertit,
887 1136 968 1187 undi-

200 1218 252 1269 que
263 1208 393 1257 restrictis
403 1206 559 1275 pugionibus
568 1206 634 1274 peti,
654 1219 715 1274 toga
736 1216 813 1273 caput
834 1203 965 1255 obvolvit:

127 1275 131 1281 ’
202 1272 282 1322 simul
291 1273 393 1323 sinistra
403 1292 484 1325 manu
493 1277 582 1325 sinum
591 1272 623 1324 ad
633 1276 686 1324 ima
701 1290 775 1324 crura
785 1269 902 1331 deduxit,
912 1276 967 1338 quo

200 1336 332 1390 honestius
354 1338 467 1403 caderet,
487 1344 565 1392 etiarn
580 1337 700 1391 inferiore
706 1340 829 1407 ,corporis
838 1350 911 1405 parte
921 1354 968 1389 re·

150 1430 152 1435 .
199 1402 261 1455 lata.
289 1404 375 1471 Atque
386 1410 420 1457 ita
431 1408 512 1459 tribus
529 1420 554 1459 et
564 1408 657 1474 viginti
671 1409 754 1475 plagis
769 1406 902 1456 confossus
918 1416 966 1467 est,

87 1468 95 1476 '
200 1487 254 1520 nnc
262 1472 341 1523 modo
351 1473 383 1523 :nl
392 1475 509 1541 primunr
517 1478 599 1526 ictum
615 1474 714 1539 gemitu
727 1473 783 1523 sine
803 1487 865 1524 voce
886 1470 967 1521 edito.

200 1534 255 1587 Eut
265 1534 427 1592 tradiderunt
436 1542 558 1607 quidam,
576 1543 617 1593 M.
633 1540 714 1591 Bruto
729 1540 838 1589 irruenti
857 1536 966 1603 dixisse,

195 1604 256 1656 ’Καὶ
267 1602 299 1655 σὺ
308 1606 333 1656 el
341 1607 450 1672 lustaus,
461 1608 505 1659 ani
515 1607 548 1659 uti
556 1607 667 1660 τέκνον)
677 1605 816 1666 Exanimis,
826 1604 967 1672 diffugien-

200 1669 267 1720 tibus
277 1678 388 1731 eranctis,
399 1671 562 1735 aliquamdiu
571 1669 648 1721 iacuit
653 1672 666 1735 ,J
676 1670 758 1721 donec
767 1670 869 1723 lecticae
879 1674 970 1739 impo-

164 1730 167 1740 “
199 1740 292 1799 sitnm,
303 1736 462 1803 dependente
472 1735 591 1797 brachio,
611 1748 661 1787 tres
670 1731 968 1797 serrrilidomurnretn·

181 1803 294 1852 ‘lerunt
322 1804 377 1853 Nec
387 1804 414 1851 in
424 1814 461 1851 tot
470 1804 637 1868 vulneribus,
657 1817 687 1855 ut
696 1803 828 1857 ‘Antistius
846 1805 968 1856 medicus

200 1868 371 1928 nistirnabat,
387 1869 463 1919 letale
473 1868 560 1919 ullum
569 1882 701 1938 repertum
712 1870 762 1931 est,
781 1874 832 1922 nisi
845 1874 919 1939 quod
927 1888 968 1921 se-

200 1934 286 1985 nando
296 1936 354 1984 loco
362 1937 392 2005 in
402 1946 504 2001 pectore
516 1948 653 2052 acceperat.
687 1939 783 1989 Fuerat
791 1941 968 1990 animuscon·

151 2035 156 2044 -
200 2001 301 2064 iuratis,
313 2017 405 2069 corpus
418 2002 493 2050 occisi
504 2004 532 2054 iu
541 2004 573 2053 Ti
593 2003 660 2053 erim
669 2006 782 2068 trahere,
800 2006 869 2056 bona
878 2007 967 2072 publi·

199 2080 264 2129 erre,
284 2080 338 2118 acta
358 2066 513 2119 rescindere:
533 2071 579 2120 sed
589 2084 662 2121 metu
671 2074 710 2124 tt.
721 2070 830 2125 Antonii
839 2075 965 2137 consulis,

200 2146 226 2184 et
236 2135 350 2201 magistri
362 2136 477 2201 equitum
487 2135 588 2203 Lepidi,
600 2136 760 2189 destiterunt.

248 2201 395 2253 LXXXIII.
408 2202 554 2255 Postulante
562 2221 626 2271 ergo
635 2206 667 2255 L.
673 2204 765 2257 Pisone
774 2207 877 2270 socero,
888 2201 962 2273 testa·
1037 2271 1038 2274 Ἴ

198 2280 317 2319 mentum
328 2271 383 2321 eius
393 2272 518 2338 aperitur:
536 2273 707 2338 recitaturque
717 2273 744 2323 in
752 2273 864 2324 Antonii
873 2274 962 2326 dorne'
1037 2283 1038 2288 ’

149 2334 152 2339 ’
197 2336 270 2449 quod
283 2336 371 2387 Idibus
382 2336 575 2404 Septembribus
582 2340 709 2405 proximis
728 2342 756 2390 in
771 2343 900 2393 Lauicano
914 2346 965 2393 snt

210 2414 291 2453 cenat
301 2403 549 2471 demandaueratque
559 2405 653 2472 virgini
661 2407 760 2457 Vestali
770 2406 905 2468 maximae.
927 2410 962 2475 Q.

197 2467 304 2529 Tubero
314 2470 401 2534 tradit,
418 2468 542 2521 heredem
550 2471 584 2521 ab
595 2489 624 2521 ec
634 2474 711 2524 scribi
721 2475 837 2535 solitum,
858 2492 890 2524 ex
899 2492 962 2525 con·
1037 2505 1038 2534 ;

197 2536 283 2588 sulatn
293 2538 371 2605 ipsius
381 2539 465 2603 primo
476 2555 558 2603 nsque
569 2539 601 2589 ad
615 2540 718 2589 initium
732 2542 815 2591 civilis
828 2540 894 2591 belli
910 2542 962 2594 Cn·
1037 2541 1038 2604 l

197 2599 962 2672 Pompeium:idquemilitibusproconciorrerecitatum·Sed
1037 2625 1038 2672 j

197 2672 339 2723 novissimo
350 2681 501 2721 testamento
511 2682 563 2723 tres
578 2675 688 2738 instituit
702 2674 822 2741 heredes,
842 2674 961 2727 sororum
1037 2679 1038 2718 ἓ
