2092 3059
312 188 571 245 ocravrv-s.
785 196 821 253 55

55 296 143 363 petiit,
160 288 195 343 'ul
205 290 297 345 Caium
308 306 333 345 et
341 295 451 346 Lucium
461 294 535 357 filios,
555 293 713 361 amplissimo
722 290 822 361 praedi·

56 376 100 412 tus
119 363 284 427 magistratu,
304 379 351 413 suo
362 378 491 427 quemque
506 364 624 412 tirocinio
641 361 780 412 deduceret
793 361 820 409 in

56 430 155 480 forum.
175 430 298 497 Quinque
308 428 410 479 medios
420 430 580 499 consulatue,
590 447 604 479 a
615 442 685 479 sexto
694 428 728 479 sd
737 426 821 477 uude-

56 498 171 555 cimum,
190 513 288 546 annuos
298 498 385 562 gessit:
405 498 695 555 uuerouaut'novem,
713 507 819 557 cutm,

59 573 105 613 aut
124 564 312 627 quatuor‚-aut
330 562 413 613 tribus
434 561 579 612 mensibus:
599 560 740 611 secundum
759 576 821 610 sero
909 563 917 574 ‘

56 628 219 696 pientissimis
240 628 316 679 botis.
354 629 422 679 Nam
443 629 484 678 slie
503 627 681 678 Kalendarum
700 628 821 687 Ianuarii,

56 712 144 762 quum
153 712 229 745 mane
237 712 285 763 pro
298 694 360 745 aede
372 696 511 761 Capitolini
520 693 600 758 lovis,
620 694 766 762 paullulum
776 710 821 743 cu·

54 764 108 813 ruli
119 763 184 812 sella
194 762 368 829 praesedisset,
379 763 476 811 bonore
486 762 561 823 abiit,
570 763 675 811 suffecto
684 762 735 811 alio
746 762 773 809 in
782 762 821 810 lo·

56 846 120 879 csuu
130 846 217 879 suum.
237 830 292 879 Nec
302 844 390 879 omnes
399 829 509 891 Romae,
520 829 566 879 sed
576 830 821 894 quartumeonsula-

55 892 115 945 tum
127 898 155 945 in
165 892 232 958 Asia,
243 898 366 961 quintum
375 896 403 945 in
412 896 495 947 insula
506 892 598 958 Semo,
608 908 727 948 octavum
738 907 763 946 et
775 910 821 945 uo·

55 978 125 1013 num
135 962 291 1025 Tarracone,
302 963 370 1013 iniit.
721 1000 725 1009 .
827 1003 830 1009 .

70 1066 73 1074 .
109 1028 222 1081 XXVII.
241 1031 445 1082 Triumuiratum
455 1030 619 1098 Reipublicae
630 1026 821 1082 constituendae

54 1112 104 1165 per
114 1098 208 1148 decem
218 1113 297 1147 annos
307 1095 504 1163 administravit:
515 1098 541 1147 iu
551 1115 604 1163 quo
612 1099 706 1148 restitit
716 1095 830 1163 quidem-

55 1163 339 1231 aliquamtliucollegls,
346 1182 379 1215 ne
392 1182 442 1231 qua
452 1167 524 1215 fleret
533 1165 693 1231 proscriptio,
700 1161 744 1212 sed
753 1162 821 1212 lnce·

55 1244 130 1299 ptam
141 1242 252 1297 utroque
261 1230 377 1282 acerbius
387 1236 508 1283 exercuit.
524 1232 643 1297 Namque
654 1233 706 1281 illis
714 1232 744 1280 in
752 1230 821 1279 mul·

56 1312 148 1349 tortum
159 1314 234 1366 saepe
244 1315 383 1367 personam
391 1316 439 1365 per
453 1300 560 1365 gratiam
574 1307 695 1365 etpreces
710 1296 824 1347 exorabit

56 1368 137 1427 libus,
147 1366 219 1415 solus
228 1379 385 1432 magnopere
401 1363 546 1427 contendit,
565 1383 598 1415 ns
610 1366 652 1415 cui
663 1376 822 1432 parceretur:

55 1434 256 1501 proscripsitque
267 1434 345 1485 etiam
355 1434 385 1483 C.
392 1434 536 1485 Toranium
545 1443 658 1483 tutorem
666 1447 823 1497 suum‚euu·

58 1493 174 1565 demque
184 1501 308 1566 collegam
317 1500 395 1567 patris
405 1500 444 1550 sui
455 1500 559 1551 Octavii
576 1502 604 1549 in
614 1497 751 1551 aedilitate.
780 1496 823 1547 lu·

56 1569 120 1617 ulus
132 1565 288 1619 Saturninus
298 1565 348 1617 boc
358 1584 399 1617 am
418 1568 468 1617 lius
485 1566 591 1615 tradit:'
611 1579 703 1629 quum,
717 1577 822 1631 peracta

56 1634 258 1702 proscriptione,
278 1636 318 1684 tt.
328 1586 442 1701 Lepidus
457 1634 485 1681 iu
497 1630 593 1681 Senatu
602 1642 741 1680 excusasset
751 1645 823 1696 prae·

54 1703 130 1753 terite
137 1734 145 1762 ,
167 1711 192 1749 et
200 1718 275 1767 spem
285 1703 436 1751 clementiae
446 1698 472 1749 iu
483 1709 617 1765 posterum
633 1698 740 1755 lecisset,
760 1712 823 1762 quo-

57 1770 133 1819 niam
144 1771 204 1819 satis
213 1784 360 1833 poenarum
370 1780 487 1819 exactum
503 1776 580 1815 esset:
600 1764 670 1815 laune
689 1780 702 1813 e
722 1763 823 1815 diverso

57 1836 220 1902 professum,
241 1838 276 1885 its
286 1834 395 1885 modum
405 1850 431 1883 se
446 1831 622 1900 proscribendi
636 1832 763 1891 statuisse,
792 1844 824 1882 ut

57 1904 148 1952 omnia
159 1901 209 1952 sibi
220 1903 354 1967 reliquerit
363 1903 454 1962 liberag
478 1903 505 1949 iu
514 1900 589 1949 euius
604 1911 689 1949 tamen
710 1898 822 1966 pertina-

7 2012 8 2019 ,
57 1971 111 2019 ciae
121 1969 318 2033 poeniteutiam,
328 1980 414 2035 postea
424 1965 456 2019 Τζ
466 1966 573 2015 lunium
583 1964 821 2033 Philopoemenem,

58 2036 132 2104 quod
142 2046 282 2103 patronum
292 2049 370 2085 suum
380 2034 552 2102 proscriptum
560 2032 654 2082 celasse
673 2034 738 2082 olins
745 2031 822 2083 xdice-

55 2114 139 2164 retur,
150 2105 262 2167 equestri
273 2101 398 2170 dignitate
413 2100 556 2151 honoravit.
577 2099 608 2149 In
620 2098 710 2162 eadem
721 2099 769 2148 hac
777 2117 823 2165 po·

56 2179 149 2219 testate
158 2170 297 2228 multiplici
308 2171 425 2236 flagravit
439 2164 544 2219 invidia.
573 2166 640 2216 Nam
655 2178 681 2217 et
690 2164 823 2217 Pinarium

56 2238 176 2303 equitem
185 2236 343 2299 Romanum,
363 2249 459 2301 quum,
478 2235 643 2283 concionante
655 2250 693 2295 se,
712 2233 821 2285 admissa

55 2302 135 2355 turba
145 2318 307 2368 paganorum
322 2302 391 2370 apud
406 2302 500 2354 milites
519 2300 677 2351 subscribere
696 2301 821 2365 quaedam

56 2368 298 2431 animadvertisset,
310 2369 439 2421 curiosum
450 2382 479 2418 ac
489 2370 676 2433 speculatorem
686 2370 774 2428 ratus,
780 2384 822 2416 co·

55 2452 113 2487 ram
124 2432 237 2487 confodi
243 2436 395 2505 imperarits.
410 2446 435 2487 et
444 2435 559 2501 Tedium
568 2432 678 2493 Alsum,
688 2435 820 2483 consulem

56 2502 231 2582 designatum,
238 2504 298 2569 quia
309 2504 406 2555 lactum
416 2502 547 2569 quoddam
557 2517 635 2553 suum
644 2501 759 2566 maligno
768 2514 822 2549 ser»

56 2586 134 2623 moue
145 2582 294 2635 carpsisset,
305 2574 381 2621 tantis
391 2572 535 2621 conterruit
541 2568 632 2630 minis,
644 2579 672 2619 nt
682 2568 741 2614 isse
748 2580 822 2630 prae-
876 2616 882 2623 ,

57 2638 210 2706 cipitarerit.
229 2637 265 2687 Et
276 2638 309 2703 Q.
321 2636 450 2701 Gallium,
461 2640 614 2704 praetorem,
624 2636 651 2685 iu
660 2631 743 2685 allicio
751 2630 808 2679 ssln

60 2704 172 2771 tationis,
182 2701 288 2766 tebtllss
297 2702 413 2773 duplices
421 2714 489 2758 reste
499 2714 577 2757 tedas
588 2710 725 2764 tenerum,
739 2696 809 2765 suspi
