2092 3059
255 265 309 324 104
487 254 771 317 Ct¹lVETONll

254 361 354 412 cundna
365 371 391 417 et
399 369 542 427 proruptus:
555 355 644 422 utique
654 355 673 404 si
683 355 860 422 perorandum
870 351 1005 421 ln'aliquem

255 439 327 477 essct.
358 428 428 475 Irato
442 436 466 473 et
480 424 556 474 rerba
567 436 591 472 et
601 423 737 474 sententiae
752 441 781 471 su
800 421 938 488 petebant:
956 438 1006 488 pru-

217 488 221 500 ’
257 494 380 542 nuntiatio
390 508 493 557 quoque
503 501 528 538 et
534 506 593 546 ror,
609 487 639 537 ut
648 505 731 554 neque
742 442 833 538 eoiim
842 489 895 536 loci
904 505 964 552 prae
975 503 1007 535 ar·

256 559 317 608 dore
329 559 475 616 consisteret
486 553 701 605 etexaurliretura
709 553 941 621 proeulstantibus.
953 553 1007 600 Per·

132 657 137 664 ,
169 676 174 683 ,
214 616 225 632 ’
256 624 537 674 oraturusetricturum
546 615 574 671 se
584 619 777 682 lucubrationis
790 625 858 669 suae
867 612 953 668 telum
966 618 1005 666 mi-

256 691 375 740 nabatur:
400 677 680 753 leniuseomptiusque
699 685 826 735 scribendi
846 701 931 751 genus
951 683 1007 733 adeo

255 768 434 814 contemnens,
466 765 495 802 ut
513 752 636 801 Senecam
655 763 710 800 tum
729 754 840 800 maxime
861 751 1008 815 placentem,

256 822 451 872 commissiones
460 833 547 868 meras
557 827 715 884 componere,
736 829 761 866 et
770 832 883 866 arenam
892 817 1009 866 eccesiae

255 887 328 937 coloe
336 885 440 936 diceret,
464 883 567 932 Solebat
577 887 654 940 etiarn
661 884 787 950 prosperis
797 887 932 932 oratorum
940 883 1010 930 actio·

234 949 238 953 ’
256 953 331 1001 nibus
340 951 486 1009 rescribere,
493 961 518 998 et
527 959 679 1013 magnorum
690 951 717 1006 in
727 960 815 998 senatu
824 965 934 1012 reorum
944 963 1011 997 aceu-

256 1020 364 1068 sntiones
373 1015 584 1079 defensionesque
594 1014 721 1064 meditari:
733 1011 769 1076 ac,
780 1025 858 1082 prout
867 1015 954 1079 stylus
964 1031 1012 1068 ces·

234 1099 246 1123 s
257 1095 335 1144 serat,
354 1084 396 1133 vel
406 1099 508 1147 onerare
518 1083 642 1130 sententia
657 1097 702 1130 sua
716 1096 852 1147 quemque,
872 1081 919 1129 vel
929 1081 1013 1130 suble·

180 1206 184 1213 Ι
258 1167 329 1200 vare:
348 1151 458 1216 equestri
468 1163 569 1216 quoque
580 1144 669 1197 ordine
679 1146 716 1196 'ad
731 1145 1013 1198 audiendum-‘invitato

178 1214 206 1271 ſs
257 1233 303 1281 per
318 1215 408 1266 edicta.
932 1226 934 1231 '

308 1283 377 1333 LIV.
389 1283 442 1332 Sed
452 1282 595 1330 etassorum
610 1277 735 1346 generum
745 1289 808 1329 artes
818 1277 1013 1343 studiosissime,

258 1363 284 1397 et
294 1347 477 1397 diversissimas
487 1349 606 1396 exercuit.
636 1347 723 1396 Threx
732 1359 757 1395 et
765 1347 862 1410 auriga,
873 1343 951 1395 idem
961 1363 1014 1395 cau-

191 1459 193 1462 .
255 1409 382 1476 locatque
393 1416 504 1462 saltator.
519 1413 642 1460 Batuebat
651 1411 806 1478 pugnatoriis
816 1412 908 1472 armia‚'
916 1415 1010 1476 auriga

222 1478 224 1483 '
258 1480 301 1528 bat
311 1489 434 1529 exstructo
443 1478 604 1542 plurifariam
614 1480 689 1532 circo.
703 1473 706 1478 ’
728 1473 843 1526 Canenrli
859 1493 889 1526 ae
911 1477 1016 1528 saltandi

260 1546 386 1611 voluptate
395 1543 429 1593 ita
439 1545 594 1602 efferebatur,
601 1555 630 1592 ut
640 1561 672 1592 ne
682 1542 790 1610 publicis
801 1536 912 1610 quitiem
923 1557 1018 1610 specta-

258 1614 321 1660 culis
332 1623 496 1679 temperaret,
518 1627 570 1674 quo
580 1609 665 1658 minus
675 1621 699 1658 et
708 1607 828 1673 tragoedo
857 1609 1019 1660 ronuntianti

174 1717 178 1725 ,
224 1682 228 1689 ‘
259 1680 559 1740 concineret:etgestum
569 1675 698 1725 histrionis
708 1677 777 1740 quasi
788 1677 831 1724 lau
865 1669 1018 1726 uerelcor-

258 1747 346 1808 rigeua
355 1745 440 1809 palam
450 1741 588 1808 effingeret.
614 1741 639 1790 N
641 1757 668 1789 eo
677 1741 725 1790 alia
735 1739 766 1788 de
777 1756 865 1790 caussa
875 1741 983 1817 vitietur
994 1759 1019 1790 eo

243 1843 249 1859 t
259 1810 314 1869 die,
324 1826 375 1874 quo
384 1809 467 1874 periit,
472 1807 634 1872 pervigilium
643 1806 772 1867 indixisse,
784 1823 862 1871 quam
871 1819 904 1856 ut
915 1809 1020 1858 initium

259 1879 286 1924 in
297 1892 397 1923 scenam
411 1872 559 1938 prodeundi
573 1873 677 1922 licentia
694 1875 815 1938 temporis
833 1876 1021 1939 auspicaretru.

259 1939 372 1990 saltabat
381 1951 468 1987 autem
478 1954 674 2003 nonnumquam
689 1938 766 1988 etiarn
781 1949 872 1988 noctu:
895 1952 924 1990 et
940 1959 1023 2006 quom

259 2007 320 2054 dam
329 2018 380 2055 tres
390 2007 540 2053 consulares.
546 2003 656 2056 secunda
662 2005 916 2070 rigilininpalatium
922 2005 1023 2064 accitos,

234 2068 238 2076 ’
259 2067 391 2135 multique
401 2083 427 2120 et
437 2082 548 2120 extrema
558 2081 699 2119 metuentes
708 2087 785 2136 super
793 2071 1024 2136 pulpitum-collo·

258 2138 335 2186 carie:
354 2136 446 2189 deinde
456 2149 559 2204 repente
568 2151 668 2200 ‘magno
677 2136 801 2187 tibiarum
811 2147 835 2184 et
844 2135 1022 2188 scabellorum

259 2207 364 2269 crepitu,
374 2220 433 2252 cum
461 2206 509 2254 alla
519 2196 656 2266 tunicaque?
666 2204 738 2251 talari
748 2201 879 2268 prosiluit:
896 2220 929 2252 ac
940 2206 1023 2253 ‹lesal-

251 2282 309 2330 'tato
321 2271 416 2325 cantico
425 2223 496 2320 abiit.
515 2268 600 2334 Atque
611 2267 652 2316 hic
661 2281 714 2319 tam
725 2269 814 2321 docilis
824 2267 858 2319 ael
866 2281 969 2332 cetera,
980 2287 1023 2318 na·

251 2348 311 2384 tare
322 2339 418 2386 nesciit.
607 2395 614 2400 ,
1040 2385 1041 2388 ,

280 2417 283 2424 ’
307 2404 363 2454 Lv.
384 2405 574 2468 Quornmvero
585 2401 669 2452 studio
679 2413 820 2464 teneretur,
841 2401 972 2452 omnibns
993 2399 1024 2450 ad

259 2467 381 2520 insaniam
391 2471 460 2518 lavit.
490 2471 645 2519 Mnesterem
659 2470 850 2536 pantomimum
860 2471 944 2522 etiam
957 2471 1023 2517 inter

259 2537 401 2602 spectacula
411 2535 584 2589 osculabatur:
604 2549 632 2584 eo
640 2539 663 2586 ai
673 2537 730 2600 quia
741 2535 845 2591 saltante
857 2547 888 2583 eo
901 2533 948 2584 vel
959 2535 1025 2583 leni-

231 2594 240 2641 “-
260 2612 297 2651 ter
306 2602 481 2664 obstreperet,r
497 2599 596 2650 detrahi
612 2603 710 2650 iussum
719 2617 798 2650 mauu
807 2601 1025 2668 aua-llagellabat.

261 2667 348 2732 Equiti
358 2668 472 2716 llomano
482 2667 649 2717 tumultuanti
663 2684 709 2733 per
724 2668 905 2730 centruiqirern
922 2666 1041 2716 detrun-t

260 2735 343 2794 ti'avit,
365 2732 446 2780 abiret
454 2735 507 2782 aine
518 2750 590 2782 mora
600 2733 714 2794 Ostiam,
732 2733 908 2798 perferretque
920 2729 957 2784 ad
967 2733 1028 2782 Pto·
1040 2713 1041 2782 i
