2092 3059
363 140 618 229 occasuve.
837 181 890 255 ῃι

51 326 58 335 ,
108 274 163 343 egit
173 272 261 343 etipse
272 274 385 328 invicem
396 276 520 332 abamicis
530 278 736 331 benevolentiam
745 288 873 345 mutuam
940 304 947 312 ¹
1017 310 1022 321 =

109 353 163 394 tam
174 362 188 392 a
199 342 333 405 defunctis,
344 361 424 410 quam
434 364 447 395 a
458 347 531 397 vivis.
550 347 627 412 Nam,
638 348 755 414 quamvis
763 348 873 397 minime
902 399 904 402 ,

19 423 22 428 ’
108 421 241 477 appeteret
250 410 446 475 hereditatem-ut
456 414 500 478 qui
511 431 655 493 numquam
665 433 696 464 ex
705 415 786 481 ignoti
797 426 872 464 testa-

53 516 56 526 .
107 490 198 527 mento
209 494 297 545 capere
309 477 451 545 quidquam
460 484 621 542 sustinuerit,
632 484 775 532 amicornm
785 494 873 531 tamen

75 566 79 571 ·
107 560 231 612 suprema
241 546 338 597 iudicia
356 548 528 597 morosissime
547 550 695 613 pensitavit:
723 566 808 614 neque
827 550 873 599 do·

107 612 164 662 lore
174 612 341 674 dissimulato,
350 614 373 662 si
383 615 497 679 parcius,
518 626 562 666 ant
571 615 632 665 citra
641 614 768 666 bonorem
782 616 873 665 verbo-

107 694 178 739 rum‚
199 697 283 746 neque
294 680 397 747 gaudio,
416 681 437 728 si
457 692 528 745 grate
546 684 874 749 piequequisseprosecu-
911 711 913 716 ·

73 756 150 797 stus
160 745 256 811 Itusaet.
286 750 381 812 Legata
391 748 433 796 vel
442 758 527 824 partes
539 746 721 811 hereditatum,
742 768 756 799 a
767 750 874 815 quibus-

107 829 222 879 cumque
241 814 392 881 parentibus
406 816 493 864 relicta
508 815 566 877 sibi,
586 828 629 866 aut
638 821 725 867 statim
733 817 820 867 liberis
831 835 873 868 eo-

106 880 319 933 rumeoncedere
325 918 333 945 ,
344 896 401 943 aut,
412 884 433 933 si
443 880 566 949 pupillari
577 895 656 934 aetate
667 896 763 947 essent,
785 884 825 934 die
836 886 873 936 vi-

92 948 164 999 'rilis
174 959 248 1014 togae
259 950 300 1001 vel
310 952 474 1017 nuptiarum,
495 966 557 1000 cum
570 952 728 1001 incremento
743 953 873 1005 restituere
893 1001 896 1008 .

106 1026 283 1066 consueverat.
627 1022 634 1029 ”
870 1066 874 1070 .
907 1016 912 1025 ’

159 1083 268 1135 LXVII.
276 1081 402 1137 Patronus
413 1082 588 1153 dominusque
598 1102 650 1137 non
660 1087 749 1137 minus
759 1103 871 1149 severus,
935 1110 940 1117 ·

105 1164 187 1214 quam
196 1151 285 1212 facilis,
298 1162 323 1201 et
332 1152 455 1216 clemens,
466 1154 562 1211 multos
572 1153 725 1203 libertorum
735 1154 763 1203 in
773 1152 872 1203 bonore
939 1204 943 1211 ,

105 1227 133 1265 et
142 1234 192 1267 usu
202 1220 314 1268 maximo
324 1218 428 1270 habuit:
439 1232 467 1270 ut
477 1220 616 1281 Licinium,
622 1220 790 1281 Enceladum,
797 1220 870 1273 alios

104 1300 165 1349 que.
186 1283 321 1346 Cosmum,
342 1304 456 1349 serrum,
490 1288 624 1337 rarissime
634 1287 667 1337 sle
678 1304 705 1339 se
715 1287 871 1353 opinantem,

105 1370 161 1402 non
173 1353 251 1413 ultra,
272 1370 350 1419 quam
361 1369 452 1421 compe
471 1354 477 1366 ⁶
498 1371 536 1418 us,
555 1358 676 1406 coercuit.
705 1354 871 1415 Diomedem,

106 1416 323 1487 dispensatorem,
344 1440 358 1471 a
375 1438 426 1487 quo
437 1420 515 1470 simul
524 1422 672 1472 ambulante
681 1422 822 1470 incurrenti
831 1437 870 1471 re·

104 1488 248 1553 pentelero
260 1504 321 1555 apro
333 1505 380 1555 per
389 1496 489 1539 metisru
499 1489 612 1539 obiectus
624 1500 671 1551 est,
690 1489 783 1538 maluit
801 1489 872 1538 timi-

104 1554 192 1604 ditatis
203 1572 319 1621 arguere,
339 1570 417 1621 quam
427 1571 517 1616 norae,
532 1572 638 1621 remque
648 1574 701 1605 non
710 1556 814 1604 minimi
825 1572 871 1621 pe·

103 1622 189 1681 ciculi
200 1624 261 1687 quia
273 1634 359 1673 tamen
370 1623 438 1672 fraus
450 1622 544 1684 aberat,
555 1624 583 1671 in
593 1623 679 1671 iocum
689 1623 772 1671 vertit.
793 1620 869 1671 Idem

104 1688 256 1751 Proculum,
267 1707 299 1740 ex
308 1688 488 1757 acceptIsaimis
499 1688 607 1750 libertis,
619 1688 687 1739 mori
697 1687 788 1753 coegit,
799 1704 871 1743 com-

102 1766 209 1823 pertum
220 1757 363 1807 adulterare
373 1769 513 1807 matronas:
532 1755 640 1819 Thallo,
659 1774 674 1804 a
683 1772 778 1818 manu,
798 1754 869 1821 quod

101 1841 152 1891 pro
172 1826 280 1891 epistola
299 1824 401 1893 prodita
415 1822 533 1891 denarios
552 1824 705 1890 quingentos
724 1822 868 1890 accepisset,

102 1908 180 1941 crura
198 1892 284 1957 fregit.
310 1890 503 1957 Paedagogum‚
522 1893 705 1956 ministrosque
724 1888 792 1952 Caii,
811 1891 883 1953 lilii,-

101 1974 151 2026 pes·
161 1959 319 2011 occasionem
334 1960 504 2023 valetudinis,
524 1960 666 2025 mortisque
685 1957 741 2008 eius
759 1956 868 2024 superbe

101 2044 231 2092 avareque
241 2028 269 2087 in
279 2029 412 2093 provincia
433 2038 572 2092 grassatos,
592 2027 705 2076 oneratis
719 2026 792 2090 gravi
801 2042 868 2091 pou·
909 2057 912 2069 ·

101 2092 166 2143 dere
176 2096 325 2154 cervicibus,
336 2094 551 2161 praecipitavit·in
562 2096 668 2144 flumen.

154 2160 278 2212 LXVIII.
288 2161 375 2213 Prima
387 2165 489 2212 iuventa
496 2163 628 2211 variorum
637 2156 792 2210 dedecorum
802 2160 867 2210 insa·
908 2159 918 2168 ‘

98 2228 186 2279 mium
196 2226 281 2291 subiit,
311 2228 371 2279 Sex.
381 2226 530 2295 Pompeius,
550 2240 580 2277 ut
590 2228 788 2289 effoemiustnm,
799 2226 867 2276 inse-
900 2236 907 2243 ’

98 2304 184 2351 etatns
196 2304 244 2345 est:
264 2294 303 2345 Μ.
313 2293 450 2359 Antonius,
467 2296 634 2361 adoptionem
644 2296 766 2344 avunculi
776 2304 865 2360 stupro

96 2362 236 2413 meritum.
265 2362 340 2423 Item,
359 2364 463 2425 Lucius,
483 2360 659 2419 Marcilium,
679 2362 752 2428 quasi
761 2362 864 2427 pudici-

95 2431 171 2489 tiam,
191 2426 328 2480 delibatam
338 2448 352 2479 a
363 2426 484 2492 Caesare,
503 2427 537 2478 A.
548 2428 626 2478 etiam
635 2430 720 2480 Hirtio
734 2431 763 2479 in
772 2428 862 2494 Hispa-

94 2498 142 2550 nia
153 2494 221 2548 CCC
231 2496 348 2546 millibus
357 2496 472 2547 numbm
481 2496 660 2558 substraverit3
678 2497 820 2560 solitusque
829 2496 864 2544 sit

96 2578 176 2617 crura
186 2563 310 2613 suburere
321 2580 386 2613 nuce
397 2564 505 2625 ardentI,
521 2580 573 2629 quo
582 2564 688 2613 mollior
695 2562 765 2630 pilus
774 2576 864 2626 surge·

96 2642 148 2683 eet.
168 2628 224 2682 sed
233 2643 259 2681 et
267 2632 379 2699 populus
394 2631 524 2697 quondam
539 2632 677 2681 universus
686 2627 811 2680 ludorum
821 2626 865 2677 dis

98 2710 128 2751 et
136 2698 270 2769 recepitur
283 2700 466 2749 contumeliam
475 2692 866 2748 eiusetassensumaximoccns·
