<?xml version="1.0" encoding="UTF-8"?>
<!DOCTYPE html PUBLIC "-//W3C//DTD XHTML 1.0 Transitional//EN"
    "http://www.w3.org/TR/xhtml1/DTD/xhtml1-transitional.dtd">
<html xmlns="http://www.w3.org/1999/xhtml" xml:lang="en" lang="en">
 <head>
  <title>
</title>
<meta http-equiv="Content-Type" content="text/html;charset=utf-8" />
  <meta name='ocr-system' content='tesseract 3.04.00' />
  <meta name='ocr-capabilities' content='ocr_page ocr_carea ocr_par ocr_line ocrx_word'/>
</head>
<body>
  <div class='ocr_page' id='page_1' title='image "./csuetoniitranqu07suetgoog_0104.png"; bbox 0 0 2092 3059; ppageno 0'>
   <div class='ocr_carea' id='block_1_1' title="bbox 204 173 736 253">
    <p class='ocr_par' dir='ltr' id='par_1_1' title="bbox 204 173 736 253">
     <span class='ocr_line' id='line_1_1' title="bbox 204 173 736 253; baseline -0.004 -16"><span class='ocrx_word' id='word_1_1' title='bbox 204 195 242 252; x_wconf 75' lang='lat'><strong>90</strong></span> <span class='ocrx_word' id='word_1_2' title='bbox 287 183 316 253; x_wconf 37' lang='lat'><strong>¹,</strong></span> <span class='ocrx_word' id='word_1_3' title='bbox 380 173 384 183; x_wconf 82' lang='grc'><em>“</em></span> <span class='ocrx_word' id='word_1_4' title='bbox 436 177 736 239; x_wconf 65' lang='lat' dir='ltr'><strong>emarcum</strong></span> 
     </span>
    </p>
   </div>
   <div class='ocr_carea' id='block_1_2' title="bbox 202 281 975 356">
    <p class='ocr_par' dir='ltr' id='par_1_2' title="bbox 202 281 975 356">
     <span class='ocr_line' id='line_1_2' title="bbox 202 281 975 356; baseline -0.004 -17"><span class='ocrx_word' id='word_1_5' title='bbox 202 291 273 344; x_wconf 85' lang='lat' dir='ltr'><strong>muri</strong></span> <span class='ocrx_word' id='word_1_6' title='bbox 284 303 436 356; x_wconf 87' lang='lat' dir='ltr'><strong>responsum</strong></span> <span class='ocrx_word' id='word_1_7' title='bbox 445 297 490 345; x_wconf 86' lang='lat' dir='ltr'><strong>est,</strong></span> <span class='ocrx_word' id='word_1_8' title='bbox 501 288 556 335; x_wconf 78' lang='lat' dir='ltr'><strong>eius</strong></span> <span class='ocrx_word' id='word_1_9' title='bbox 567 284 655 352; x_wconf 79' lang='lat' dir='ltr'><strong>oppidi</strong></span> <span class='ocrx_word' id='word_1_10' title='bbox 666 283 748 334; x_wconf 84' lang='lat' dir='ltr'><strong>civem</strong></span> <span class='ocrx_word' id='word_1_11' title='bbox 760 281 918 350; x_wconf 77' lang='lat' dir='ltr'><strong>quandoque</strong></span> <span class='ocrx_word' id='word_1_12' title='bbox 931 297 975 336; x_wconf 78' lang='lat' dir='ltr'><strong>re·</strong></span> 
     </span>
    </p>
   </div>
   <div class='ocr_carea' id='block_1_3' title="bbox 127 353 1005 423">
    <p class='ocr_par' dir='ltr' id='par_1_3' title="bbox 127 353 1005 423">
     <span class='ocr_line' id='line_1_3' title="bbox 127 353 1005 423; baseline -0.005 -15"><span class='ocrx_word' id='word_1_13' title='bbox 127 358 129 361; x_wconf 69' lang='grc'>’</span> <span class='ocrx_word' id='word_1_14' title='bbox 202 373 263 408; x_wconf 83' lang='lat' dir='ltr'><strong>rum</strong></span> <span class='ocrx_word' id='word_1_15' title='bbox 273 357 429 423; x_wconf 86' lang='lat' dir='ltr'><strong>potiturum:</strong></span> <span class='ocrx_word' id='word_1_16' title='bbox 441 370 492 419; x_wconf 88' lang='lat' dir='ltr'><strong>qua</strong></span> <span class='ocrx_word' id='word_1_17' title='bbox 500 353 594 402; x_wconf 86' lang='lat' dir='ltr'><strong>fiducia</strong></span> <span class='ocrx_word' id='word_1_18' title='bbox 605 353 729 402; x_wconf 76' lang='lat' dir='ltr'>Veliterni</span> <span class='ocrx_word' id='word_1_19' title='bbox 740 363 765 400; x_wconf 89' lang='lat' dir='ltr'><strong>et</strong></span> <span class='ocrx_word' id='word_1_20' title='bbox 776 365 836 401; x_wconf 92' lang='lat' dir='ltr'><strong>tunc</strong></span> <span class='ocrx_word' id='word_1_21' title='bbox 846 354 935 402; x_wconf 84' lang='lat' dir='ltr'><strong>statim</strong></span> <span class='ocrx_word' id='word_1_22' title='bbox 948 365 976 405; x_wconf 82' lang='lat' dir='ltr'><strong>et</strong></span> <span class='ocrx_word' id='word_1_23' title='bbox 995 367 1005 374; x_wconf 78' lang='grc'><strong><em>’</em></strong></span> 
     </span>
    </p>
   </div>
   <div class='ocr_carea' id='block_1_4' title="bbox 201 419 976 492">
    <p class='ocr_par' dir='ltr' id='par_1_4' title="bbox 201 419 976 492">
     <span class='ocr_line' id='line_1_4' title="bbox 201 419 976 492; baseline -0.006 -20"><span class='ocrx_word' id='word_1_24' title='bbox 201 435 290 492; x_wconf 83' lang='lat' dir='ltr'><strong>postea</strong></span> <span class='ocrx_word' id='word_1_25' title='bbox 299 423 407 488; x_wconf 88' lang='lat' dir='ltr'><strong>saepius,</strong></span> <span class='ocrx_word' id='word_1_26' title='bbox 429 438 509 487; x_wconf 89' lang='lat' dir='ltr'><strong>paene</strong></span> <span class='ocrx_word' id='word_1_27' title='bbox 520 421 554 470; x_wconf 85' lang='lat' dir='ltr'><strong>ad</strong></span> <span class='ocrx_word' id='word_1_28' title='bbox 566 419 671 468; x_wconf 84' lang='lat' dir='ltr'><strong>exitium</strong></span> <span class='ocrx_word' id='word_1_29' title='bbox 685 420 727 469; x_wconf 87' lang='lat' dir='ltr'><strong>sui</strong></span> <span class='ocrx_word' id='word_1_30' title='bbox 743 436 804 476; x_wconf 83' lang='lat' dir='ltr'><strong>cum</strong></span> <span class='ocrx_word' id='word_1_31' title='bbox 813 419 912 490; x_wconf 79' lang='lat' dir='ltr'><strong>poptdo</strong></span> <span class='ocrx_word' id='word_1_32' title='bbox 922 420 976 471; x_wconf 86' lang='lat' dir='ltr'><strong>Ro-</strong></span> 
     </span>
    </p>
   </div>
   <div class='ocr_carea' id='block_1_5' title="bbox 90 477 974 554">
    <p class='ocr_par' dir='ltr' id='par_1_5' title="bbox 90 477 974 554">
     <span class='ocr_line' id='line_1_5' title="bbox 90 477 974 554; baseline -0.008 -11"><span class='ocrx_word' id='word_1_33' title='bbox 90 497 94 508; x_wconf 89' lang='grc'><em>“</em></span> <span class='ocrx_word' id='word_1_34' title='bbox 164 538 168 545; x_wconf 89' lang='grc'><em>,</em></span> <span class='ocrx_word' id='word_1_35' title='bbox 202 508 280 542; x_wconf 80' lang='lat' dir='ltr'><strong>mano</strong></span> <span class='ocrx_word' id='word_1_36' title='bbox 299 490 521 554; x_wconf 81' lang='lat' dir='ltr'><strong>belligeraverant.</strong></span> <span class='ocrx_word' id='word_1_37' title='bbox 552 485 614 536; x_wconf 88' lang='lat' dir='ltr'><strong>Sero</strong></span> <span class='ocrx_word' id='word_1_38' title='bbox 634 477 742 538; x_wconf 78' lang='lat' dir='ltr'><strong>tandem</strong></span> <span class='ocrx_word' id='word_1_39' title='bbox 752 484 915 536; x_wconf 84' lang='lat' dir='ltr'><strong>documentis</strong></span> <span class='ocrx_word' id='word_1_40' title='bbox 927 507 974 554; x_wconf 88' lang='lat' dir='ltr'><strong>ap-</strong></span> 
     </span>
    </p>
   </div>
   <div class='ocr_carea' id='block_1_6' title="bbox 202 553 982 888">
    <p class='ocr_par' dir='ltr' id='par_1_6' title="bbox 202 553 982 888">
     <span class='ocr_line' id='line_1_6' title="bbox 202 553 972 626; baseline -0.003 -20"><span class='ocrx_word' id='word_1_41' title='bbox 202 560 296 626; x_wconf 80' lang='lat' dir='ltr'><strong>paruit,</strong></span> <span class='ocrx_word' id='word_1_42' title='bbox 313 567 442 604; x_wconf 88' lang='lat' dir='ltr'><strong>ostentum</strong></span> <span class='ocrx_word' id='word_1_43' title='bbox 451 554 518 604; x_wconf 86' lang='lat' dir='ltr'><strong>illud</strong></span> <span class='ocrx_word' id='word_1_44' title='bbox 525 553 637 620; x_wconf 79' lang='lat' dir='ltr'>Augusti</span> <span class='ocrx_word' id='word_1_45' title='bbox 647 556 790 619; x_wconf 84' lang='lat' dir='ltr'><strong>potentiam</strong></span> <span class='ocrx_word' id='word_1_46' title='bbox 800 553 972 621; x_wconf 77' lang='lat' dir='ltr'><strong>portendisse.</strong></span> 
     </span>
     <span class='ocr_line' id='line_1_7' title="bbox 202 603 975 687; baseline -0.003 -13"><span class='ocrx_word' id='word_1_47' title='bbox 202 623 301 674; x_wconf 83' lang='lat' dir='ltr'><strong>Auctor</strong></span> <span class='ocrx_word' id='word_1_48' title='bbox 313 634 352 672; x_wconf 84' lang='lat' dir='ltr'><strong>est</strong></span> <span class='ocrx_word' id='word_1_49' title='bbox 363 603 596 680; x_wconf 60' lang='lat' dir='ltr'><strong>Iutius‘Marathus,</strong></span> <span class='ocrx_word' id='word_1_50' title='bbox 607 634 665 669; x_wconf 86' lang='lat' dir='ltr'><strong>ante</strong></span> <span class='ocrx_word' id='word_1_51' title='bbox 674 637 777 687; x_wconf 87' lang='lat' dir='ltr'><strong>paucos,</strong></span> <span class='ocrx_word' id='word_1_52' title='bbox 795 637 874 686; x_wconf 83' lang='lat' dir='ltr'><strong>quam</strong></span> <span class='ocrx_word' id='word_1_53' title='bbox 884 630 975 672; x_wconf 79' lang='lat' dir='ltr'><strong>nasce-</strong></span> 
     </span>
     <span class='ocr_line' id='line_1_8' title="bbox 203 687 982 756; baseline -0.005 -14"><span class='ocrx_word' id='word_1_54' title='bbox 203 704 284 754; x_wconf 83' lang='lat' dir='ltr'><strong>retur,</strong></span> <span class='ocrx_word' id='word_1_55' title='bbox 294 707 395 740; x_wconf 84' lang='lat' dir='ltr'><strong>menses</strong></span> <span class='ocrx_word' id='word_1_56' title='bbox 405 688 556 756; x_wconf 83' lang='lat' dir='ltr'><strong>prodigium</strong></span> <span class='ocrx_word' id='word_1_57' title='bbox 568 689 664 754; x_wconf 81' lang='lat' dir='ltr'><strong>Romae</strong></span> <span class='ocrx_word' id='word_1_58' title='bbox 674 689 771 737; x_wconf 84' lang='lat' dir='ltr'><strong>lactum</strong></span> <span class='ocrx_word' id='word_1_59' title='bbox 790 687 905 754; x_wconf 89' lang='lat' dir='ltr'><strong>publice,</strong></span> <span class='ocrx_word' id='word_1_60' title='bbox 919 705 982 754; x_wconf 55' lang='lat' dir='ltr'><strong>quo*</strong></span> 
     </span>
     <span class='ocr_line' id='line_1_9' title="bbox 204 756 975 822; baseline -0.01 -15"><span class='ocrx_word' id='word_1_61' title='bbox 204 756 420 818; x_wconf 74' lang='lat' dir='ltr'><strong>denuntiabatur,</strong></span> <span class='ocrx_word' id='word_1_62' title='bbox 431 772 521 820; x_wconf 86' lang='lat' dir='ltr'><strong>regem</strong></span> <span class='ocrx_word' id='word_1_63' title='bbox 531 756 621 822; x_wconf 91' lang='lat' dir='ltr'><strong>populi</strong></span> <span class='ocrx_word' id='word_1_64' title='bbox 633 756 740 806; x_wconf 84' lang='lat' dir='ltr'><strong>Romani</strong></span> <span class='ocrx_word' id='word_1_65' title='bbox 756 768 873 804; x_wconf 89' lang='lat' dir='ltr'><strong>naturam</strong></span> <span class='ocrx_word' id='word_1_66' title='bbox 885 767 975 822; x_wconf 77' lang='lat' dir='ltr'><strong>pama-</strong></span> 
     </span>
     <span class='ocr_line' id='line_1_10' title="bbox 203 823 974 888; baseline -0.004 -12"><span class='ocrx_word' id='word_1_67' title='bbox 203 825 266 877; x_wconf 75' lang='lat' dir='ltr'><strong>sire:</strong></span> <span class='ocrx_word' id='word_1_68' title='bbox 287 826 413 874; x_wconf 76' lang='lat' dir='ltr'><strong>Senatum</strong></span> <span class='ocrx_word' id='word_1_69' title='bbox 423 825 574 872; x_wconf 84' lang='lat' dir='ltr'><strong>exterritum</strong></span> <span class='ocrx_word' id='word_1_70' title='bbox 585 825 720 883; x_wconf 79' lang='lat' dir='ltr'><strong>censuisse,</strong></span> <span class='ocrx_word' id='word_1_71' title='bbox 736 839 769 872; x_wconf 75' lang='lat' dir='ltr'><strong>oe</strong></span> <span class='ocrx_word' id='word_1_72' title='bbox 781 825 839 888; x_wconf 90' lang='lat' dir='ltr'><strong>quis</strong></span> <span class='ocrx_word' id='word_1_73' title='bbox 849 823 893 871; x_wconf 91' lang='lat' dir='ltr'><strong>illo</strong></span> <span class='ocrx_word' id='word_1_74' title='bbox 904 840 974 873; x_wconf 87' lang='lat' dir='ltr'><strong>anno</strong></span> 
     </span>
    </p>
   </div>
   <div class='ocr_carea' id='block_1_7' title="bbox 125 889 974 959">
    <p class='ocr_par' dir='ltr' id='par_1_7' title="bbox 125 889 974 959">
     <span class='ocr_line' id='line_1_11' title="bbox 125 889 974 959; baseline -0.001 -19"><span class='ocrx_word' id='word_1_75' title='bbox 125 907 130 914; x_wconf 49' lang='lat'>⁸</span> <span class='ocrx_word' id='word_1_76' title='bbox 204 894 307 959; x_wconf 79' lang='lat' dir='ltr'><strong>genitus</strong></span> <span class='ocrx_word' id='word_1_77' title='bbox 318 891 481 940; x_wconf 80' lang='lat' dir='ltr'>educaretur:</span> <span class='ocrx_word' id='word_1_78' title='bbox 492 907 543 949; x_wconf 90' lang='lat' dir='ltr'><strong>eos,</strong></span> <span class='ocrx_word' id='word_1_79' title='bbox 555 892 601 955; x_wconf 88' lang='lat' dir='ltr'><strong>qui</strong></span> <span class='ocrx_word' id='word_1_80' title='bbox 612 889 730 956; x_wconf 82' lang='lat' dir='ltr'><strong>gravidas</strong></span> <span class='ocrx_word' id='word_1_81' title='bbox 740 906 830 940; x_wconf 84' lang='lat' dir='ltr'><strong>uxores</strong></span> <span class='ocrx_word' id='word_1_82' title='bbox 841 889 974 953; x_wconf 86' lang='lat' dir='ltr'><strong>haberent,</strong></span> 
     </span>
    </p>
   </div>
   <div class='ocr_carea' id='block_1_8' title="bbox 204 957 975 1024">
    <p class='ocr_par' dir='ltr' id='par_1_8' title="bbox 204 957 975 1024">
     <span class='ocr_line' id='line_1_12' title="bbox 204 957 975 1024; baseline -0.003 -16"><span class='ocrx_word' id='word_1_83' title='bbox 204 959 276 1024; x_wconf 88' lang='lat' dir='ltr'><strong>quod</strong></span> <span class='ocrx_word' id='word_1_84' title='bbox 286 957 319 1007; x_wconf 88' lang='lat' dir='ltr'><strong>ad</strong></span> <span class='ocrx_word' id='word_1_85' title='bbox 329 959 476 1023; x_wconf 85' lang='lat' dir='ltr'><strong>se&#39;quisque</strong></span> <span class='ocrx_word' id='word_1_86' title='bbox 487 973 561 1023; x_wconf 89' lang='lat' dir='ltr'><strong>spem</strong></span> <span class='ocrx_word' id='word_1_87' title='bbox 574 959 700 1019; x_wconf 81' lang='lat' dir='ltr'><strong>traheret,</strong></span> <span class='ocrx_word' id='word_1_88' title='bbox 722 973 835 1018; x_wconf 81' lang='lat' dir='ltr'><strong>curasse,</strong></span> <span class='ocrx_word' id='word_1_89' title='bbox 855 974 887 1004; x_wconf 90' lang='lat' dir='ltr'><strong>ne</strong></span> <span class='ocrx_word' id='word_1_90' title='bbox 898 974 975 1006; x_wconf 83' lang='lat' dir='ltr'><strong>sena-</strong></span> 
     </span>
    </p>
   </div>
   <div class='ocr_carea' id='block_1_9' title="bbox 117 1023 975 1090">
    <p class='ocr_par' dir='ltr' id='par_1_9' title="bbox 117 1023 975 1090">
     <span class='ocr_line' id='line_1_13' title="bbox 117 1023 975 1090; baseline 0.003 -16"><span class='ocrx_word' id='word_1_91' title='bbox 117 1056 121 1063; x_wconf 49' lang='grc' dir='ltr'><em>ι</em></span> <span class='ocrx_word' id='word_1_92' title='bbox 202 1026 392 1074; x_wconf 88' lang='lat' dir='ltr'><strong>tusconsultum</strong></span> <span class='ocrx_word' id='word_1_93' title='bbox 402 1023 435 1072; x_wconf 86' lang='lat' dir='ltr'><strong>ad</strong></span> <span class='ocrx_word' id='word_1_94' title='bbox 446 1027 574 1073; x_wconf 81' lang='lat' dir='ltr'><strong>aerarium</strong></span> <span class='ocrx_word' id='word_1_95' title='bbox 586 1025 737 1074; x_wconf 86' lang='lat' dir='ltr'><strong>deferretur.</strong></span> <span class='ocrx_word' id='word_1_96' title='bbox 760 1025 798 1073; x_wconf 79' lang='lat' dir='ltr'><strong>&#39;In</strong></span> <span class='ocrx_word' id='word_1_97' title='bbox 809 1023 975 1090; x_wconf 83' lang='lat' dir='ltr'><strong>Asclepiadis</strong></span> 
     </span>
    </p>
   </div>
   <div class='ocr_carea' id='block_1_10' title="bbox 137 1087 976 1361">
    <p class='ocr_par' dir='ltr' id='par_1_10' title="bbox 137 1087 976 1361">
     <span class='ocr_line' id='line_1_14' title="bbox 137 1087 976 1156; baseline 0.002 -16"><span class='ocrx_word' id='word_1_98' title='bbox 137 1087 141 1092; x_wconf 70' lang='grc'>’</span> <span class='ocrx_word' id='word_1_99' title='bbox 203 1090 333 1142; x_wconf 83' lang='lat' dir='ltr'><strong>Mendetis</strong></span> <span class='ocrx_word' id='word_1_100' title='bbox 345 1091 562 1156; x_wconf 74' lang='grc' dir='ltr'><strong><em>Θιολογουμένων</em></strong></span> <span class='ocrx_word' id='word_1_101' title='bbox 574 1091 645 1140; x_wconf 82' lang='lat' dir='ltr'><strong>libris</strong></span> <span class='ocrx_word' id='word_1_102' title='bbox 656 1091 725 1156; x_wconf 85' lang='lat' dir='ltr'><strong>lego,</strong></span> <span class='ocrx_word' id='word_1_103' title='bbox 737 1089 835 1150; x_wconf 84' lang='lat' dir='ltr'><strong>Atiam,</strong></span> <span class='ocrx_word' id='word_1_104' title='bbox 846 1107 930 1155; x_wconf 88' lang='lat' dir='ltr'><strong>quum</strong></span> <span class='ocrx_word' id='word_1_105' title='bbox 941 1089 976 1142; x_wconf 80' lang='lat' dir='ltr'><strong>ad</strong></span> 
     </span>
     <span class='ocr_line' id='line_1_15' title="bbox 203 1158 975 1225; baseline 0 -17"><span class='ocrx_word' id='word_1_106' title='bbox 203 1162 319 1211; x_wconf 86' lang='lat' dir='ltr'><strong>solemne</strong></span> <span class='ocrx_word' id='word_1_107' title='bbox 325 1158 456 1225; x_wconf 89' lang='lat' dir='ltr'><strong>Apollinis</strong></span> <span class='ocrx_word' id='word_1_108' title='bbox 466 1158 663 1208; x_wconf 83' lang='lat' dir='ltr'><strong>sacrummedia</strong></span> <span class='ocrx_word' id='word_1_109' title='bbox 674 1169 748 1207; x_wconf 87' lang='lat' dir='ltr'><strong>nocte</strong></span> <span class='ocrx_word' id='word_1_110' title='bbox 759 1158 880 1218; x_wconf 81' lang='lat' dir='ltr'><strong>venisset,</strong></span> <span class='ocrx_word' id='word_1_111' title='bbox 888 1160 975 1224; x_wconf 77' lang='lat' dir='ltr'><strong>posita</strong></span> 
     </span>
     <span class='ocr_line' id='line_1_16' title="bbox 202 1224 975 1294; baseline -0.003 -18"><span class='ocrx_word' id='word_1_112' title='bbox 202 1227 232 1277; x_wconf 86' lang='lat' dir='ltr'><strong>in</strong></span> <span class='ocrx_word' id='word_1_113' title='bbox 243 1231 339 1294; x_wconf 86' lang='lat' dir='ltr'><strong>templo</strong></span> <span class='ocrx_word' id='word_1_114' title='bbox 350 1227 447 1286; x_wconf 80' lang='lat' dir='ltr'><strong>lectica,</strong></span> <span class='ocrx_word' id='word_1_115' title='bbox 467 1225 533 1274; x_wconf 89' lang='lat' dir='ltr'><strong>dum</strong></span> <span class='ocrx_word' id='word_1_116' title='bbox 551 1238 649 1275; x_wconf 85' lang='lat' dir='ltr'><strong>ceterae</strong></span> <span class='ocrx_word' id='word_1_117' title='bbox 668 1237 799 1276; x_wconf 79' lang='lat' dir='ltr'><strong>matronae</strong></span> <span class='ocrx_word' id='word_1_118' title='bbox 818 1224 975 1286; x_wconf 80' lang='lat' dir='ltr'><strong>dormirent,</strong></span> 
     </span>
     <span class='ocr_line' id='line_1_17' title="bbox 203 1291 976 1361; baseline 0.003 -19"><span class='ocrx_word' id='word_1_119' title='bbox 203 1293 363 1344; x_wconf 85' lang='lat' dir='ltr'><strong>obdormisse</strong></span> <span class='ocrx_word' id='word_1_120' title='bbox 370 1316 377 1358; x_wconf 75' lang='lat'>3</span> <span class='ocrx_word' id='word_1_121' title='bbox 384 1294 524 1355; x_wconf 84' lang='lat' dir='ltr'><strong>draconem</strong></span> <span class='ocrx_word' id='word_1_122' title='bbox 535 1293 640 1361; x_wconf 76' lang='lat' dir='ltr'><strong>repente</strong></span> <span class='ocrx_word' id='word_1_123' title='bbox 651 1295 779 1360; x_wconf 78' lang='lat' dir='ltr'><strong>irrepsisse</strong></span> <span class='ocrx_word' id='word_1_124' title='bbox 785 1291 818 1342; x_wconf 81' lang='lat' dir='ltr'><strong>ad</strong></span> <span class='ocrx_word' id='word_1_125' title='bbox 826 1309 891 1355; x_wconf 83' lang='lat' dir='ltr'><strong>cam,</strong></span> <span class='ocrx_word' id='word_1_126' title='bbox 897 1295 976 1358; x_wconf 78' lang='lat' dir='ltr'><strong>paul-</strong></span> 
     </span>
    </p>
   </div>
   <div class='ocr_carea' id='block_1_11' title="bbox 48 1335 974 1427">
    <p class='ocr_par' dir='ltr' id='par_1_11' title="bbox 48 1335 974 1427">
     <span class='ocr_line' id='line_1_18' title="bbox 48 1335 974 1427; baseline 0 -15"><span class='ocrx_word' id='word_1_127' title='bbox 48 1364 61 1370; x_wconf 88' lang='grc'><em>“</em></span> <span class='ocrx_word' id='word_1_128' title='bbox 73 1335 76 1340; x_wconf 23' lang='lat'>⁸</span> <span class='ocrx_word' id='word_1_129' title='bbox 136 1407 140 1412; x_wconf 88' lang='lat'>.</span> <span class='ocrx_word' id='word_1_130' title='bbox 203 1361 280 1426; x_wconf 89' lang='lat' dir='ltr'><strong>loque</strong></span> <span class='ocrx_word' id='word_1_131' title='bbox 291 1373 348 1427; x_wconf 87' lang='lat' dir='ltr'><strong>post</strong></span> <span class='ocrx_word' id='word_1_132' title='bbox 359 1374 503 1426; x_wconf 66' lang='lat' dir='ltr'><strong>egressum</strong></span> <span class='ocrx_word' id='word_1_133' title='bbox 514 1359 638 1424; x_wconf 81' lang='lat' dir='ltr'><strong>illamque</strong></span> <span class='ocrx_word' id='word_1_134' title='bbox 649 1361 861 1426; x_wconf 62' lang='lat' dir='ltr'><strong>expergefactam,</strong></span> <span class='ocrx_word' id='word_1_135' title='bbox 872 1362 948 1424; x_wconf 88' lang='lat' dir='ltr'><strong>quasi</strong></span> <span class='ocrx_word' id='word_1_136' title='bbox 958 1379 974 1412; x_wconf 82' lang='grc' dir='ltr'>ι</span> 
     </span>
    </p>
   </div>
   <div class='ocr_carea' id='block_1_12' title="bbox 155 1427 991 2300">
    <p class='ocr_par' dir='ltr' id='par_1_12' title="bbox 155 1427 991 2300">
     <span class='ocr_line' id='line_1_19' title="bbox 204 1427 975 1494; baseline 0.001 -18"><span class='ocrx_word' id='word_1_137' title='bbox 204 1427 437 1481; x_wconf 67' lang='lat' dir='ltr'><strong>concubitumariti</strong></span> <span class='ocrx_word' id='word_1_138' title='bbox 447 1429 594 1493; x_wconf 83' lang='lat' dir='ltr'><strong>purificasse</strong></span> <span class='ocrx_word' id='word_1_139' title='bbox 605 1444 644 1489; x_wconf 88' lang='lat' dir='ltr'><strong>se,</strong></span> <span class='ocrx_word' id='word_1_140' title='bbox 665 1441 691 1477; x_wconf 85' lang='lat' dir='ltr'><strong>et</strong></span> <span class='ocrx_word' id='word_1_141' title='bbox 709 1429 795 1477; x_wconf 82' lang='lat' dir='ltr'><strong>statim</strong></span> <span class='ocrx_word' id='word_1_142' title='bbox 816 1428 844 1476; x_wconf 86' lang='lat' dir='ltr'><strong>in</strong></span> <span class='ocrx_word' id='word_1_143' title='bbox 863 1442 975 1494; x_wconf 81' lang='lat' dir='ltr'><strong>corpore</strong></span> 
     </span>
     <span class='ocr_line' id='line_1_20' title="bbox 203 1493 977 1560; baseline 0 -16"><span class='ocrx_word' id='word_1_144' title='bbox 203 1495 258 1545; x_wconf 86' lang='lat' dir='ltr'><strong>eius</strong></span> <span class='ocrx_word' id='word_1_145' title='bbox 270 1497 378 1544; x_wconf 82' lang='lat' dir='ltr'><strong>extitisse</strong></span> <span class='ocrx_word' id='word_1_146' title='bbox 394 1496 537 1556; x_wconf 82' lang='lat' dir='ltr'><strong>maculam,</strong></span> <span class='ocrx_word' id='word_1_147' title='bbox 558 1493 638 1545; x_wconf 79' lang='lat' dir='ltr'><strong>veluti</strong></span> <span class='ocrx_word' id='word_1_148' title='bbox 658 1493 752 1560; x_wconf 84' lang='lat' dir='ltr'><strong>depicti</strong></span> <span class='ocrx_word' id='word_1_149' title='bbox 772 1494 903 1553; x_wconf 86' lang='lat' dir='ltr'><strong>draconis,</strong></span> <span class='ocrx_word' id='word_1_150' title='bbox 925 1510 977 1544; x_wconf 79' lang='lat' dir='ltr'><strong>nec</strong></span> 
     </span>
     <span class='ocr_line' id='line_1_21' title="bbox 202 1560 977 1628; baseline 0 -17"><span class='ocrx_word' id='word_1_151' title='bbox 202 1561 316 1625; x_wconf 82' lang='lat' dir='ltr'><strong>potuisse</strong></span> <span class='ocrx_word' id='word_1_152' title='bbox 326 1578 453 1626; x_wconf 86' lang='lat' dir='ltr'><strong>umquam</strong></span> <span class='ocrx_word' id='word_1_153' title='bbox 463 1563 543 1628; x_wconf 79' lang='lat' dir='ltr'><strong>exigi3</strong></span> <span class='ocrx_word' id='word_1_154' title='bbox 564 1560 627 1611; x_wconf 87' lang='lat' dir='ltr'><strong>adeo</strong></span> <span class='ocrx_word' id='word_1_155' title='bbox 638 1573 667 1610; x_wconf 89' lang='lat' dir='ltr'><strong>ut</strong></span> <span class='ocrx_word' id='word_1_156' title='bbox 681 1577 742 1611; x_wconf 85' lang='lat' dir='ltr'><strong>mox</strong></span> <span class='ocrx_word' id='word_1_157' title='bbox 752 1560 863 1628; x_wconf 88' lang='lat' dir='ltr'><strong>publicis</strong></span> <span class='ocrx_word' id='word_1_158' title='bbox 872 1561 977 1612; x_wconf 80' lang='lat' dir='ltr'><strong>balneis</strong></span> 
     </span>
     <span class='ocr_line' id='line_1_22' title="bbox 203 1629 979 1698; baseline 0 -19"><span class='ocrx_word' id='word_1_159' title='bbox 203 1631 493 1698; x_wconf 81' lang='lat' dir='ltr'><strong>perpetuoabstinuerit3</strong></span> <span class='ocrx_word' id='word_1_160' title='bbox 503 1631 653 1696; x_wconf 75' lang='lat' dir='ltr'><strong>Auguuum</strong></span> <span class='ocrx_word' id='word_1_161' title='bbox 662 1640 752 1679; x_wconf 83' lang='lat' dir='ltr'><strong>natum</strong></span> <span class='ocrx_word' id='word_1_162' title='bbox 762 1644 849 1679; x_wconf 86' lang='lat' dir='ltr'><strong>mense</strong></span> <span class='ocrx_word' id='word_1_163' title='bbox 860 1629 979 1691; x_wconf 82' lang='lat' dir='ltr'><strong>decimo,</strong></span> 
     </span>
     <span class='ocr_line' id='line_1_23' title="bbox 204 1693 976 1764; baseline -0.001 -18"><span class='ocrx_word' id='word_1_164' title='bbox 204 1707 230 1746; x_wconf 85' lang='lat' dir='ltr'><strong>et</strong></span> <span class='ocrx_word' id='word_1_165' title='bbox 238 1697 272 1746; x_wconf 90' lang='lat' dir='ltr'><strong>ob</strong></span> <span class='ocrx_word' id='word_1_166' title='bbox 282 1698 332 1747; x_wconf 91' lang='lat' dir='ltr'><strong>hoc</strong></span> <span class='ocrx_word' id='word_1_167' title='bbox 341 1696 473 1764; x_wconf 87' lang='lat' dir='ltr'><strong>Apollinis</strong></span> <span class='ocrx_word' id='word_1_168' title='bbox 483 1698 566 1746; x_wconf 82' lang='lat' dir='ltr'><strong>filiurn</strong></span> <span class='ocrx_word' id='word_1_169' title='bbox 582 1697 763 1747; x_wconf 79' lang='lat' dir='ltr'><strong>existimatum.</strong></span> <span class='ocrx_word' id='word_1_170' title='bbox 792 1695 893 1745; x_wconf 86' lang='lat' dir='ltr'><strong>Eadem</strong></span> <span class='ocrx_word' id='word_1_171' title='bbox 902 1693 976 1757; x_wconf 77' lang='lat' dir='ltr'><strong>Atia,</strong></span> 
     </span>
     <span class='ocr_line' id='line_1_24' title="bbox 203 1762 991 1831; baseline 0 -19"><span class='ocrx_word' id='word_1_172' title='bbox 203 1767 356 1831; x_wconf 86' lang='lat' dir='ltr'><strong>prinsquam</strong></span> <span class='ocrx_word' id='word_1_173' title='bbox 366 1766 477 1830; x_wconf 77' lang='lat' dir='ltr'><strong>pareret,</strong></span> <span class='ocrx_word' id='word_1_174' title='bbox 498 1765 652 1825; x_wconf 81' lang='lat' dir='ltr'><strong>somniavit,</strong></span> <span class='ocrx_word' id='word_1_175' title='bbox 672 1764 792 1814; x_wconf 82' lang='lat' dir='ltr'><strong>intestina</strong></span> <span class='ocrx_word' id='word_1_176' title='bbox 808 1779 853 1814; x_wconf 83' lang='lat' dir='ltr'><strong>sua</strong></span> <span class='ocrx_word' id='word_1_177' title='bbox 863 1764 930 1814; x_wconf 80' lang='lat' dir='ltr'><strong>ferri</strong></span> <span class='ocrx_word' id='word_1_178' title='bbox 939 1762 991 1828; x_wconf 40' lang='lat' dir='ltr'><strong>ad·</strong></span> 
     </span>
     <span class='ocr_line' id='line_1_25' title="bbox 203 1830 977 1897; baseline 0 -17"><span class='ocrx_word' id='word_1_179' title='bbox 203 1830 296 1894; x_wconf 86' lang='lat' dir='ltr'><strong>sidera,</strong></span> <span class='ocrx_word' id='word_1_180' title='bbox 308 1832 478 1897; x_wconf 86' lang='lat' dir='ltr'><strong>explicarique</strong></span> <span class='ocrx_word' id='word_1_181' title='bbox 494 1847 541 1897; x_wconf 89' lang='lat' dir='ltr'><strong>per</strong></span> <span class='ocrx_word' id='word_1_182' title='bbox 551 1849 659 1888; x_wconf 82' lang='lat' dir='ltr'><strong>ornnem¹</strong></span> <span class='ocrx_word' id='word_1_183' title='bbox 666 1842 794 1881; x_wconf 89' lang='lat' dir='ltr'><strong>terrarum</strong></span> <span class='ocrx_word' id='word_1_184' title='bbox 805 1843 829 1880; x_wconf 87' lang='lat' dir='ltr'><strong>et</strong></span> <span class='ocrx_word' id='word_1_185' title='bbox 840 1831 904 1879; x_wconf 89' lang='lat' dir='ltr'><strong>coeli</strong></span> <span class='ocrx_word' id='word_1_186' title='bbox 915 1847 977 1880; x_wconf 83' lang='lat' dir='ltr'><strong>arn·</strong></span> 
     </span>
     <span class='ocr_line' id='line_1_26' title="bbox 202 1890 977 1964; baseline 0.001 -18"><span class='ocrx_word' id='word_1_187' title='bbox 202 1890 298 1949; x_wconf 86' lang='lat' dir='ltr'><strong>bitum.</strong></span> <span class='ocrx_word' id='word_1_188' title='bbox 327 1897 474 1946; x_wconf 82' lang='lat' dir='ltr'><strong>somniavit</strong></span> <span class='ocrx_word' id='word_1_189' title='bbox 484 1908 509 1946; x_wconf 89' lang='lat' dir='ltr'><strong>et</strong></span> <span class='ocrx_word' id='word_1_190' title='bbox 523 1911 594 1964; x_wconf 86' lang='lat' dir='ltr'><strong>pater</strong></span> <span class='ocrx_word' id='word_1_191' title='bbox 605 1899 743 1961; x_wconf 85' lang='lat' dir='ltr'><strong>Octavius,</strong></span> <span class='ocrx_word' id='word_1_192' title='bbox 759 1909 832 1953; x_wconf 85' lang='lat' dir='ltr'><strong>utero</strong></span> <span class='ocrx_word' id='word_1_193' title='bbox 842 1894 916 1946; x_wconf 86' lang='lat' dir='ltr'><strong>Atiae</strong></span> <span class='ocrx_word' id='word_1_194' title='bbox 933 1898 977 1947; x_wconf 87' lang='lat' dir='ltr'><strong>iu·</strong></span> 
     </span>
     <span class='ocr_line' id='line_1_27' title="bbox 201 1962 977 2031; baseline 0 -17"><span class='ocrx_word' id='word_1_195' title='bbox 201 1962 251 2017; x_wconf 82' lang='lat' dir='ltr'><strong>bar</strong></span> <span class='ocrx_word' id='word_1_196' title='bbox 259 1966 320 2016; x_wconf 89' lang='lat' dir='ltr'><strong>solis</strong></span> <span class='ocrx_word' id='word_1_197' title='bbox 329 1976 457 2014; x_wconf 86' lang='lat' dir='ltr'><strong>exortum.</strong></span> <span class='ocrx_word' id='word_1_198' title='bbox 485 1966 547 2031; x_wconf 83' lang='lat' dir='ltr'><strong>Quo</strong></span> <span class='ocrx_word' id='word_1_199' title='bbox 557 1977 632 2017; x_wconf 87' lang='lat' dir='ltr'><strong>natus</strong></span> <span class='ocrx_word' id='word_1_200' title='bbox 643 1977 681 2014; x_wconf 89' lang='lat' dir='ltr'><strong>est</strong></span> <span class='ocrx_word' id='word_1_201' title='bbox 691 1964 742 2028; x_wconf 87' lang='lat' dir='ltr'><strong>die,</strong></span> <span class='ocrx_word' id='word_1_202' title='bbox 763 1981 846 2030; x_wconf 88' lang='lat' dir='ltr'><strong>quum</strong></span> <span class='ocrx_word' id='word_1_203' title='bbox 856 1963 889 2012; x_wconf 90' lang='lat' dir='ltr'><strong>de</strong></span> <span class='ocrx_word' id='word_1_204' title='bbox 899 1963 977 2014; x_wconf 63' lang='lat' dir='ltr'><strong>casta</strong></span> 
     </span>
     <span class='ocr_line' id='line_1_28' title="bbox 203 2029 976 2098; baseline 0.001 -16"><span class='ocrx_word' id='word_1_205' title='bbox 203 2029 271 2082; x_wconf 79' lang='lat' dir='ltr'><strong>linae</strong></span> <span class='ocrx_word' id='word_1_206' title='bbox 281 2031 456 2080; x_wconf 85' lang='lat' dir='ltr'><strong>coniuratione</strong></span> <span class='ocrx_word' id='word_1_207' title='bbox 465 2044 584 2098; x_wconf 81' lang='lat' dir='ltr'><strong>ageretur</strong></span> <span class='ocrx_word' id='word_1_208' title='bbox 597 2037 623 2083; x_wconf 87' lang='lat' dir='ltr'><strong>io</strong></span> <span class='ocrx_word' id='word_1_209' title='bbox 640 2034 724 2097; x_wconf 78' lang='lat' dir='ltr'><strong>cttria,</strong></span> <span class='ocrx_word' id='word_1_210' title='bbox 745 2043 771 2085; x_wconf 83' lang='lat' dir='ltr'><strong>et</strong></span> <span class='ocrx_word' id='word_1_211' title='bbox 792 2031 916 2082; x_wconf 84' lang='lat' dir='ltr'><strong>Octavius</strong></span> <span class='ocrx_word' id='word_1_212' title='bbox 939 2031 976 2082; x_wconf 87' lang='lat' dir='ltr'><strong>ob</strong></span> 
     </span>
     <span class='ocr_line' id='line_1_29' title="bbox 203 2097 977 2178; baseline 0.004 -31"><span class='ocrx_word' id='word_1_213' title='bbox 203 2099 465 2178; x_wconf 71' lang='lat' dir='ltr'><strong>uxoris‘puerperium</strong></span> <span class='ocrx_word' id='word_1_214' title='bbox 475 2100 555 2148; x_wconf 89' lang='lat' dir='ltr'><strong>serius</strong></span> <span class='ocrx_word' id='word_1_215' title='bbox 566 2097 695 2162; x_wconf 82' lang='lat' dir='ltr'><strong>adfuisset,</strong></span> <span class='ocrx_word' id='word_1_216' title='bbox 706 2113 766 2156; x_wconf 80' lang='lat' dir='ltr'><strong>nota</strong></span> <span class='ocrx_word' id='word_1_217' title='bbox 775 2115 805 2151; x_wconf 85' lang='lat' dir='ltr'><strong>ac</strong></span> <span class='ocrx_word' id='word_1_218' title='bbox 816 2099 920 2164; x_wconf 74' lang='lat' dir='ltr'><strong>vulgata</strong></span> <span class='ocrx_word' id='word_1_219' title='bbox 932 2113 977 2150; x_wconf 69' lang='grc' dir='ltr'><strong>τοι</strong></span> 
     </span>
     <span class='ocr_line' id='line_1_30' title="bbox 155 2164 977 2236; baseline 0.011 -22"><span class='ocrx_word' id='word_1_220' title='bbox 155 2216 161 2236; x_wconf 36' lang='lat'>⁸</span> <span class='ocrx_word' id='word_1_221' title='bbox 201 2175 249 2228; x_wconf 83' lang='lat' dir='ltr'><strong>est,</strong></span> <span class='ocrx_word' id='word_1_222' title='bbox 269 2164 298 2216; x_wconf 90' lang='lat' dir='ltr'><strong>P.</strong></span> <span class='ocrx_word' id='word_1_223' title='bbox 311 2165 462 2229; x_wconf 74' lang='lat' dir='ltr'><strong>Nigidium,</strong></span> <span class='ocrx_word' id='word_1_224' title='bbox 481 2177 612 2234; x_wconf 85' lang='lat' dir='ltr'><strong>comperta</strong></span> <span class='ocrx_word' id='word_1_225' title='bbox 622 2185 814 2230; x_wconf 65' lang='lat' dir='ltr'><strong>monetatum,</strong></span> <span class='ocrx_word' id='word_1_226' title='bbox 833 2177 863 2219; x_wconf 83' lang='lat' dir='ltr'><strong>ut</strong></span> <span class='ocrx_word' id='word_1_227' title='bbox 878 2165 977 2223; x_wconf 62' lang='lat' dir='ltr'><strong>boram</strong></span> 
     </span>
     <span class='ocr_line' id='line_1_31' title="bbox 201 2233 976 2300; baseline 0.013 -20"><span class='ocrx_word' id='word_1_228' title='bbox 201 2249 305 2297; x_wconf 83' lang='lat' dir='ltr'><strong>quoque</strong></span> <span class='ocrx_word' id='word_1_229' title='bbox 314 2245 401 2299; x_wconf 88' lang='lat' dir='ltr'><strong>partus</strong></span> <span class='ocrx_word' id='word_1_230' title='bbox 411 2236 544 2300; x_wconf 85' lang='lat' dir='ltr'><strong>acceperit,</strong></span> <span class='ocrx_word' id='word_1_231' title='bbox 565 2233 714 2298; x_wconf 83' lang='lat' dir='ltr'><strong>affirmasse,</strong></span> <span class='ocrx_word' id='word_1_232' title='bbox 733 2235 874 2286; x_wconf 84' lang='lat' dir='ltr'><strong>dominum</strong></span> <span class='ocrx_word' id='word_1_233' title='bbox 893 2249 976 2290; x_wconf 79' lang='lat' dir='ltr'><strong>terra-</strong></span> 
     </span>
    </p>
   </div>
   <div class='ocr_carea' id='block_1_13' title="bbox 153 2299 977 2773">
    <p class='ocr_par' dir='ltr' id='par_1_13' title="bbox 153 2299 977 2753">
     <span class='ocr_line' id='line_1_32' title="bbox 153 2299 977 2371; baseline 0.012 -22"><span class='ocrx_word' id='word_1_234' title='bbox 153 2301 182 2364; x_wconf 49' lang='lat' dir='ltr'><em>s</em></span> <span class='ocrx_word' id='word_1_235' title='bbox 200 2315 262 2349; x_wconf 87' lang='lat' dir='ltr'><strong>rum</strong></span> <span class='ocrx_word' id='word_1_236' title='bbox 270 2299 329 2365; x_wconf 87' lang='lat' dir='ltr'><strong>orbi</strong></span> <span class='ocrx_word' id='word_1_237' title='bbox 340 2312 438 2351; x_wconf 87' lang='lat' dir='ltr'><strong>natum.</strong></span> <span class='ocrx_word' id='word_1_238' title='bbox 469 2301 575 2352; x_wconf 86' lang='lat' dir='ltr'><strong>Octavio</strong></span> <span class='ocrx_word' id='word_1_239' title='bbox 586 2313 685 2368; x_wconf 82' lang='lat' dir='ltr'><strong>postea,</strong></span> <span class='ocrx_word' id='word_1_240' title='bbox 705 2319 789 2368; x_wconf 89' lang='lat' dir='ltr'><strong>quum</strong></span> <span class='ocrx_word' id='word_1_241' title='bbox 807 2321 854 2370; x_wconf 88' lang='lat' dir='ltr'><strong>per</strong></span> <span class='ocrx_word' id='word_1_242' title='bbox 870 2317 977 2371; x_wconf 24' lang='lat' dir='ltr'><strong>*secreta</strong></span> 
     </span>
     <span class='ocr_line' id='line_1_33' title="bbox 200 2365 976 2437; baseline 0.008 -19"><span class='ocrx_word' id='word_1_243' title='bbox 200 2365 325 2418; x_wconf 76' lang='lat' dir='ltr'><strong>Thraciae</strong></span> <span class='ocrx_word' id='word_1_244' title='bbox 335 2371 476 2418; x_wconf 81' lang='lat' dir='ltr'><strong>exercitum</strong></span> <span class='ocrx_word' id='word_1_245' title='bbox 486 2369 606 2431; x_wconf 85' lang='lat' dir='ltr'><strong>duceret,</strong></span> <span class='ocrx_word' id='word_1_246' title='bbox 617 2371 644 2418; x_wconf 92' lang='lat' dir='ltr'><strong>in</strong></span> <span class='ocrx_word' id='word_1_247' title='bbox 655 2369 741 2421; x_wconf 87' lang='lat' dir='ltr'><strong>Liberi</strong></span> <span class='ocrx_word' id='word_1_248' title='bbox 751 2371 828 2437; x_wconf 87' lang='lat' dir='ltr'><strong>patris</strong></span> <span class='ocrx_word' id='word_1_249' title='bbox 838 2372 898 2421; x_wconf 87' lang='lat' dir='ltr'><strong>luco</strong></span> <span class='ocrx_word' id='word_1_250' title='bbox 908 2372 976 2424; x_wconf 87' lang='lat' dir='ltr'><strong>bar·</strong></span> 
     </span>
     <span class='ocr_line' id='line_1_34' title="bbox 200 2433 976 2499; baseline 0.012 -15"><span class='ocrx_word' id='word_1_251' title='bbox 200 2433 261 2484; x_wconf 90' lang='lat' dir='ltr'><strong>bara</strong></span> <span class='ocrx_word' id='word_1_252' title='bbox 271 2436 410 2486; x_wconf 86' lang='lat' dir='ltr'><strong>cerimonia</strong></span> <span class='ocrx_word' id='word_1_253' title='bbox 420 2434 451 2484; x_wconf 85' lang='lat' dir='ltr'><strong>de</strong></span> <span class='ocrx_word' id='word_1_254' title='bbox 462 2436 513 2485; x_wconf 88' lang='lat' dir='ltr'><strong>lilio</strong></span> <span class='ocrx_word' id='word_1_255' title='bbox 524 2438 676 2499; x_wconf 84' lang='lat' dir='ltr'><strong>consulenti,</strong></span> <span class='ocrx_word' id='word_1_256' title='bbox 685 2438 759 2488; x_wconf 85' lang='lat' dir='ltr'><strong>tdem</strong></span> <span class='ocrx_word' id='word_1_257' title='bbox 770 2437 925 2489; x_wconf 86' lang='lat' dir='ltr'><strong>affirmatum</strong></span> <span class='ocrx_word' id='word_1_258' title='bbox 934 2449 976 2492; x_wconf 80' lang='lat' dir='ltr'><strong>ese</strong></span> 
     </span>
     <span class='ocr_line' id='line_1_35' title="bbox 166 2501 975 2572; baseline 0.009 -21"><span class='ocrx_word' id='word_1_259' title='bbox 166 2520 169 2527; x_wconf 85' lang='lat'>·</span> <span class='ocrx_word' id='word_1_260' title='bbox 201 2519 217 2551; x_wconf 83' lang='lat' dir='ltr'><strong>a</strong></span> <span class='ocrx_word' id='word_1_261' title='bbox 226 2501 408 2552; x_wconf 83' lang='lat' dir='ltr'><strong>sacerdotibus:</strong></span> <span class='ocrx_word' id='word_1_262' title='bbox 428 2501 510 2567; x_wconf 89' lang='lat' dir='ltr'><strong>quod,</strong></span> <span class='ocrx_word' id='word_1_263' title='bbox 531 2504 617 2553; x_wconf 82' lang='lat' dir='ltr'><strong>inluso</strong></span> <span class='ocrx_word' id='word_1_264' title='bbox 628 2521 704 2572; x_wconf 88' lang='lat' dir='ltr'><strong>super</strong></span> <span class='ocrx_word' id='word_1_265' title='bbox 714 2507 802 2555; x_wconf 85' lang='lat' dir='ltr'><strong>altaria</strong></span> <span class='ocrx_word' id='word_1_266' title='bbox 812 2521 899 2570; x_wconf 66' lang='lat' dir='ltr'><strong>meros,</strong></span> <span class='ocrx_word' id='word_1_267' title='bbox 910 2518 975 2561; x_wconf 77' lang='lat' dir='ltr'><strong>tan·</strong></span> 
     </span>
     <span class='ocr_line' id='line_1_36' title="bbox 200 2570 974 2640; baseline 0.01 -24"><span class='ocrx_word' id='word_1_268' title='bbox 200 2578 256 2620; x_wconf 86' lang='lat' dir='ltr'><strong>tum</strong></span> <span class='ocrx_word' id='word_1_269' title='bbox 268 2573 386 2618; x_wconf 86' lang='lat' dir='ltr'><strong>flammae</strong></span> <span class='ocrx_word' id='word_1_270' title='bbox 396 2570 549 2628; x_wconf 83' lang='lat' dir='ltr'><strong>emicuisset,</strong></span> <span class='ocrx_word' id='word_1_271' title='bbox 556 2582 584 2618; x_wconf 92' lang='lat' dir='ltr'><strong>ut</strong></span> <span class='ocrx_word' id='word_1_272' title='bbox 593 2587 755 2640; x_wconf 80' lang='lat' dir='ltr'><strong>supergressa</strong></span> <span class='ocrx_word' id='word_1_273' title='bbox 761 2571 893 2638; x_wconf 82' lang='lat' dir='ltr'><strong>fastigium</strong></span> <span class='ocrx_word' id='word_1_274' title='bbox 899 2583 974 2624; x_wconf 61' lang='lat' dir='ltr'><strong>tem:</strong></span> 
     </span>
     <span class='ocr_line' id='line_1_37' title="bbox 200 2633 972 2753; baseline 0.009 -69"><span class='ocrx_word' id='word_1_275' title='bbox 200 2636 286 2753; x_wconf 55' lang='lat' dir='ltr'><strong>ffiad</strong></span> <span class='ocrx_word' id='word_1_276' title='bbox 300 2636 402 2684; x_wconf 87' lang='lat' dir='ltr'><strong>coelum</strong></span> <span class='ocrx_word' id='word_1_277' title='bbox 418 2653 499 2701; x_wconf 89' lang='lat' dir='ltr'><strong>usque</strong></span> <span class='ocrx_word' id='word_1_278' title='bbox 510 2637 633 2700; x_wconf 86' lang='lat' dir='ltr'><strong>serretur,</strong></span> <span class='ocrx_word' id='word_1_279' title='bbox 654 2641 752 2704; x_wconf 89' lang='lat' dir='ltr'><strong>unique</strong></span> <span class='ocrx_word' id='word_1_280' title='bbox 768 2641 839 2689; x_wconf 81' lang='lat' dir='ltr'><strong>&#39;olim</strong></span> <span class='ocrx_word' id='word_1_281' title='bbox 858 2633 972 2692; x_wconf 76' lang='lat' dir='ltr'><strong>omnino</strong></span> 
     </span>
    </p>

    <p class='ocr_par' dir='ltr' id='par_1_14' title="bbox 246 2699 971 2773">
     <span class='ocr_line' id='line_1_38' title="bbox 246 2699 971 2773; baseline 0.014 -21"><span class='ocrx_word' id='word_1_282' title='bbox 246 2719 298 2769; x_wconf 75' lang='lat' dir='ltr'><strong>gno</strong></span> <span class='ocrx_word' id='word_1_283' title='bbox 304 2699 451 2753; x_wconf 77' lang='lat' dir='ltr'><strong>Alexandro</strong></span> <span class='ocrx_word' id='word_1_284' title='bbox 462 2702 532 2771; x_wconf 84' lang='lat' dir='ltr'><strong>apud</strong></span> <span class='ocrx_word' id='word_1_285' title='bbox 543 2703 646 2756; x_wconf 76' lang='lat' dir='ltr'><strong>eosdem</strong></span> <span class='ocrx_word' id='word_1_286' title='bbox 656 2722 711 2756; x_wconf 86' lang='lat' dir='ltr'><strong>aras</strong></span> <span class='ocrx_word' id='word_1_287' title='bbox 716 2707 872 2773; x_wconf 79' lang='lat' dir='ltr'><strong>sacrificanti,</strong></span> <span class='ocrx_word' id='word_1_288' title='bbox 878 2706 971 2762; x_wconf 77' lang='lat' dir='ltr'><strong>&#39;simile</strong></span> 
     </span>
    </p>
   </div>
   <div class='ocr_carea' id='block_1_14' title="bbox 0 0 1050 3059">
    <p class='ocr_par' dir='ltr' id='par_1_15' title="bbox 0 0 1050 3059">
     <span class='ocr_line' id='line_1_39' title="bbox 0 0 1050 3059; baseline 0 0"><span class='ocrx_word' id='word_1_289' title='bbox 0 0 1050 3059; x_wconf 95' lang='lat' dir='ltr'><strong> </strong></span> 
     </span>
    </p>
   </div>
  </div>
 </body>
</html>
