2092 3059
122 256 124 261 -
199 237 236 293 35
285 214 306 239 ”
417 220 728 284 ἀειετοιιιι

191 332 247 385 -het
256 328 454 399 extat,‘scriptus
465 330 496 381 ab
509 348 539 381 eo
549 330 703 381 hexametris
713 318 835 391 versibus,
846 311 928 381 'citus
938 342 963 382 et

187 418 189 424 ·
201 411 383 466 argumentum
394 412 418 449 et
428 398 517 448 titulus
528 410 575 460 est,
589 398 693 448 Sicilia.
725 400 801 450 Extat
810 397 874 448 alter
883 414 964 464 aeque
1038 397 1039 432 ἶ

201 467 318 519 modicus
328 467 576 537 Epigrammatum,
595 476 662 529 quee
680 466 735 513 lere
748 475 863 533 tempore
877 466 964 515 balnei

163 562 168 569 ·
201 534 383 585 meditabatur.
413 534 481 585 Nam
491 530 656 599 tragoediam,
675 549 771 599 magno
781 533 880 600 impetn
891 550 964 583 exor-

200 618 259 663 sus,
269 620 322 651 non
334 600 485 651 succedente
495 602 568 664 stilo}
584 599 712 650 abolevit:
732 600 965 666 quaerentibusque

201 671 290 721 amicis
311 669 438 739 quidnam
457 668 533 718 Aias
551 675 662 736 ageret,
685 669 832 735 respondit,
851 668 965 732 Aiacem
989 684 995 689 ·

200 752 277 789 suum
286 738 315 787 in
326 736 470 807 spongiam
479 734 639 786 incubuisse.

253 802 397 856 LXXXVI.
415 804 504 855 Genus
516 801 654 869 eloquendi
664 814 767 852 secutus
777 814 815 852 ast
825 804 929 867 elegans
940 814 965 853 et

200 884 385 939 temperatum,
407 874 490 923 vitatis
501 873 683 923 sententiarum
690 872 792 946 ineptiis
798 885 873 937 atque
880 874 967 921 incon·

177 982 180 988 .
200 940 330 1001 tinnitate,
351 948 376 987 et
394 939 587 989 reconditorum
606 937 752 1000 verborum,
771 950 801 988 ut
822 942 877 1005 ipse
893 939 965 1000 dicit,
1010 950 1014 960 ’

202 1004 356 1056 foetoribus.
377 1004 594 1073 Praecipunmque
604 1022 692 1055 cruam
704 1005 785 1065 duxit,
797 1023 900 1055 sensum
910 1006 968 1055 ani-

202 1076 238 1123 mi
250 1090 329 1139 quam
339 1063 495 1140 apetlissime
506 1076 660 1143 exprimere.
688 1072 771 1135 Quod
791 1062 851 1138 duo*
862 1074 966 1123 facilius

202 1140 320 1203 officeret,
341 1152 385 1191 aut
395 1141 489 1190 necubi
499 1142 622 1193 lectorem
636 1142 678 1191 vel
688 1140 834 1190 auditorem
845 1140 968 1190 obturba-

201 1220 241 1261 ret
251 1218 436 1271 remoraretur
449 1246 456 1271 ‚
482 1225 567 1275 neque
579 1210 781 1275 praepositiones
792 1208 878 1257 verbis
888 1206 969 1257 adde-

201 1292 239 1338 re,
250 1292 334 1340 neque
345 1277 538 1326 coniunctiones
548 1276 649 1342 saepius
661 1277 751 1325 iterare
761 1274 894 1337 dubitavit,
901 1291 969 1341 quae

202 1342 327 1394 detractae
338 1344 446 1391 afferunt
455 1342 554 1411 aliquid
564 1343 732 1403 obscuritatis,
743 1344 790 1391 etsi
801 1345 910 1409 gratiam
922 1359 970 1393 au-

202 1421 273 1477 gent.
293 1407 429 1458 Cacozelos
440 1422 466 1457 et
477 1412 648 1475 antiquarios,
668 1422 699 1458 ut
710 1408 816 1459 diverso
827 1427 919 1477 genere
928 1410 971 1461 'vi-

141 1491 147 1511 ¹
202 1478 288 1537 tiosos,
308 1478 363 1542 pari
375 1476 477 1525 fastidio
488 1479 594 1543 sprevit.
624 1477 825 1544 Exagitabatqne
836 1495 972 1529 nonnum-

202 1557 281 1611 quam
290 1544 416 1610 imprimIs
425 1546 601 1594 Maecenatem
611 1541 698 1605 suum,
705 1548 779 1594 euius
788 1546 972 1611 μυροβριχεῖς,

202 1623 232 1661 ut
241 1614 282 1675 ait,
294 1611 432 1661 cincinnos
442 1628 627 1678 usquequaque
637 1614 812 1678 persequitur,
832 1623 857 1661 et
866 1615 975 1662 imitan-

201 1676 235 1728 do
246 1698 292 1745 per
303 1680 390 1729 iocum
402 1668 500 1741 irritsst.
508 1678 561 1729 Sed
571 1678 724 1727 nsc'l'iberio
736 1682 822 1747 parcit
825 1692 850 1729 et
857 1682 973 1730 exoletas
984 1693 990 1706 ¹

202 1745 335 1797 interdum
346 1757 371 1795 et
381 1745 526 1797 reconditas
536 1762 610 1795 voces
628 1749 777 1813 aucupanti.
807 1745 846 1795 M.
862 1746 976 1811 quidem

171 1814 185 1845 s
202 1811 355 1873 Antonium,
367 1826 396 1861 ut
404 1812 670 1881 insanum‚inerepat;
682 1816 754 1880 quasi
765 1814 974 1879 suscribentem,

203 1896 268 1947 quae
279 1883 408 1929 mirentur
417 1881 502 1945 potius
513 1880 640 1943 immines,
652 1899 731 1946 quarn
741 1882 897 1947 intelligant·
916 1882 976 1932 Ds-

203 1946 265 1996 inde
275 1946 370 1996 ludens
379 1950 481 1996 malum
492 1958 516 1996 et
527 1949 672 1998 inconstans
690 1950 718 1997 in
736 1948 858 2013 eligendo
876 1966 978 2014 genere

202 2012 304 2062 dicendi
316 2012 452 2079 ingenium
465 2016 534 2077 eius,
556 2014 629 2065 addit
647 2015 722 2072 baeer
743 2018 833 2085 Tuque
853 2014 977 2078 dubitas,

187 2114 189 2118 ,
206 2080 341 2136 Cimberne
360 2080 481 2144 Annius,
500 2099 539 2132 on
557 2084 689 2133 Veranius
709 2082 824 2133 Flocw
845 2082 978 2133 imitandi

202 2147 259 2199 sint
274 2146 344 2197 titi?
354 2148 408 2213 ito,
416 2159 445 2198 ut
456 2148 549 2211 verbis,
563 2167 633 2218 quae
645 2152 673 2201 0.
685 2150 832 2202 Sallustius
841 2152 981 2217 excerpsit

202 2232 235 2266 ex
247 2214 405 2285 Originibus
418 2218 527 2268 Catonis
541 2219 644 2267 utaris:
664 2234 702 2269 on
715 2220 811 2287 potius
829 2219 981 2270 Asiatico·

202 2299 262 2334 rum
281 2284 432 2342 orciolum,
451 2286 544 2335 inanis
553 2286 696 2335 sententiis
710 2285 850 2337 verborum
867 2285 981 2337 volubi-

201 2348 271 2399 litas
291 2350 320 2400 in
330 2360 454 2403 nostrum
463 2368 607 2405 sermonem
618 2352 827 2421 transferendo?
862 2353 898 2402 Et
909 2370 982 2419 qua-

202 2418 377 2487 damepistola
388 2422 548 2487 Agrippinae
559 2422 643 2487 neptis
657 2422 795 2487 ingenium
806 2420 981 2475 cottaudana:

201 2486 254 2536 sert
262 2500 328 2553 opus
339 2496 387 2548 est,
397 2490 489 2553 inquit,
501 2486 565 2537 dare
575 2496 603 2537 te
612 2502 727 2556 operam,
738 2506 772 2539 ne
781 2487 894 2539 moleste
904 2490 983 2539 scri·

201 2549 252 2603 das
261 2562 311 2603 aut
320 2553 347 2603 lo
367 2555 459 2603 uaris..
897 2589 906 2598 .

252 2572 412 2691 Lxxxistt.
421 2616 579 2686 Quotidiano
588 2639 706 2673 sermone
716 2622 845 2689 quaedam
850 2623 986 2689 frequen-5

201 2684 255 2737 tius
266 2699 291 2735 et
300 2686 461 2750 notabiliter,
482 2706 618 2755 usurpasse
628 2707 702 2752 earm,
721 2692 822 2741 litterae
833 2690 889 2740 eius
900 2702 985 2742 ausos

203 2752 314 2820 graphas
326 2764 460 2809 ostentant.
476 2755 508 2804 In
519 2756 613 2822 quibus
623 2754 768 2808 identidem
778 2773 861 2824 quum
871 2757 972 2827 aliquo
