2092 3059
148 224 150 227 -
185 208 222 264 73
391 196 445 249 'C.
472 193 714 252 svuroult

185 299 304 371 probavit
315 288 433 360 versum,
453 282 481 349 in
496 315 572 349 scena
590 296 806 366 pronunciatum,
826 291 860 345 de
870 294 952 349 Gallo

186 370 274 421 matris
283 366 371 419 Derim
381 368 580 435 tympanizante,
773 416 776 422 ,

222 436 250 487 V
248 434 328 495 ideu',
339 444 369 485 ut
380 434 508 485 cinaedus
519 432 608 484 orbem
618 432 706 503 digito
716 431 865 500 temerat?

236 502 330 554 LXIX.
342 501 475 553 Adulterln
486 503 593 568 quidem
604 501 756 559 exercuisse,
763 517 795 549 ne
805 500 881 550 amici
893 500 953 565 qui·

186 568 248 619 dem
258 582 360 635 negant,
371 581 519 619 excusantes
526 562 598 628 sane,
604 586 656 619 non
666 566 785 629 libidine,
796 568 840 616 sed
851 568 954 622 ratione

187 639 336 687 commissa:
348 655 400 703 quo
411 637 510 686 facilius
521 638 626 687 consilia
636 633 840 686 adversariorum
849 651 897 701 per
906 651 953 683 cn·
964 689 969 693 „

187 705 278 769 iusque
290 707 412 754 mulieres
423 708 576 771 exquireret.
597 704 636 753 M.
645 700 783 761 Antonius,
794 718 873 768 super
882 700 953 751 festi-

91 805 93 822 .
169 780 257 827 ,natas
268 772 356 823 Liviae
376 775 487 838 nuptias,
508 772 609 831 obiecit,
629 782 654 819 et
673 770 815 819 foeminam
832 769 954 818 consula-

187 855 243 887 rem
259 856 272 888 e
287 840 397 890 triclinio
409 843 462 889 viro
479 856 566 889 coram
585 840 613 887 in
633 836 787 886 cubIculum
805 836 952 897 abductam,

121 934 130 943 -
187 922 274 964 rursus
284 904 311 954 in
321 905 639 969 convi‘vinm‚,rubentibus
649 906 782 965 auriculis,
802 903 954 954 incomtiore

187 972 287 1037 capillo,
299 972 445 1022 reductam:
467 986 492 1021 et
507 972 640 1021 dimissam
651 969 830 1034 Scriboniam,
850 973 912 1037 qnia
921 970 954 1019 li·

187 1038 273 1089 berius
285 1038 408 1089 doluisset
417 1038 523 1089 nimiam
534 1041 677 1105 potentiam
687 1037 798 1105 pellicis:
818 1046 849 1092 et·
862 1038 955 1087 condi-

186 1106 267 1155 tiones
277 1107 403 1171 quaesitas
413 1122 459 1174 per
470 1108 571 1168 amicos',
578 1108 622 1171 qui
631 1118 725 1155 matres
735 1106 842 1156 familias
848 1104 955 1155 ctadul-¹

187 1184 225 1223 tas
235 1185 315 1223 aetate
325 1174 438 1239 virgines
449 1174 611 1225 denudarent
620 1171 953 1241 atqueperspicerenttam·

188 1257 267 1305 quam
277 1240 408 1291 Thon-anio
418 1257 548 1307 mangone
558 1239 695 1290 vendente.
728 1238 823 1289 Scribit
832 1240 908 1289 etiam
918 1240 953 1291 ad

187 1310 273 1373 ipsum
283 1308 338 1369 hoc,
358 1309 519 1359 familiariter
529 1307 622 1372 adbuc,
637 1317 692 1355 'nec
701 1304 766 1357 dum
776 1309 854 1374 plane
864 1306 953 1358 inimi·

97 1422 102 1428 ,
188 1390 232 1423 cus
243 1385 290 1431 aut
296 1375 387 1428 hostis:
425 1376 472 1425 uid
479 1382 506 1424 te
516 1374 654 1425 mutavit?
664 1375 737 1443 quod
744 1376 868 1457 reginam
875 1375 953 1425 ineo?

188 1458 255 1492 uxor
265 1458 324 1491 mea
334 1451 384 1492 ert.
433 1460 483 1492 unc
492 1444 579 1509 coepi,
589 1460 626 1493 an
636 1442 735 1493 abhinc
743 1458 830 1493 onnus
839 1442 954 1493 noveru?

189 1516 220 1557 tu
230 1506 322 1559 deinde
331 1509 416 1561 colam
426 1510 580 1562 Drusillam
588 1508 661 1561 inis?
681 1509 731 1559 Ita
740 1510 840 1571 valeae,
861 1512 903 1561 uti
913 1519 953 1575 tu,

188 1574 258 1627 banc
268 1576 409 1645 epistolam
418 1595 497 1649 quum
513 1577 598 1648 leget.
619 1594 673 1629 nort
687 1577 953 1639 inierioTerrullam,
1036 1585 1037 1598 ³

191 1652 240 1693 aut
252 1645 433 1707 Terentillam,
454 1644 655 1711 aut-Rufillam,
677 1645 863 1705 autcalliam,
884 1645 957 1696 tt'ti-
1036 1677 1038 1682 ·

188 1712 323 1830 sceru'arn,P
336 1723 385 1765 aut
395 1730 494 1767 omnes.
523 1711 704 1782 Aunerqfhrt,
724 1712 777 1775 ubi,
796 1715 862 1765 etin
872 1730 957 1783 quam
1036 1771 1038 1774 ,

189 1794 246 1829 om
270 1796 302 1827 aa
700 1820 703 1823 ,

122 1876 124 1883 ,
263 1844 320 1897 XX.
340 1846 428 1899 Coena
439 1865 543 1915 qnoque
555 1848 739 1898 eiussecrctior
754 1848 779 1897 in
790 1846 884 1897 sabulis
894 1846 954 1911 fnit,
1036 1849 1038 1912 ᾗ

125 1922 130 1933 ’
189 1928 254 2030 ἕως
269 1916 349 1980 uulgo
364 1910 535 1971 δωδεκάθεος
553 1916 706 1965 vocabatur:
727 1918 822 1981 inqua,
842 1916 956 1965 deomm

209 1997 348 2047 earumque
368 1982 471 2045 babitu,
491 1982 650 2034 discubuisse
666 1985 794 2045 convivas,
814 1993 839 2030 et
858 1981 955 2048 ipsum,

188 2063 237 2114 pro
247 2044 371 2114 Apolline
381 2062 514 2114 ornatum,
534 2068 588 2099 non
598 2051 705 2103 Antonii
724 2051 803 2100 modo
822 2050 956 2117 epistolae,

189 2114 351 2179 singulorum
361 2118 467 2168 nomina
476 2118 636 2170 amarissime
651 2119 840 2181 enumerantis,
862 2132 957 2185 expro-
974 2167 981 2171 .

188 2178 271 2245 brant,
282 2182 328 2233 sed
338 2196 365 2234 et
372 2186 427 2235 sine
438 2198 550 2249 auctore,
561 2186 687 2237 notissimi
698 2202 799 2237 rorans:
991 2191 993 2196 ‘

135 2282 138 2286 ,
225 2248 411 2317 cumprimum
421 2252 534 2304 istorum
547 2253 677 2304 conduxit
692 2267 785 2305 mem
794 2251 956 2325 choragum,

255 2318 356 2387 Sexque
366 2320 427 2371 deoc
437 2318 623 2383 victimatio,
637 2332 684 2372 tex
701 2338 733 2370 ue
745 2320 823 2371 deae:
854 2336 860 2346 ¹
966 2370 969 2373 .

198 2384 203 2393 ’
222 2384 315 2504 Imssia
324 2386 386 2459 dum
396 2388 494 2441 Phoebi
506 2390 607 2439 Caesar
621 2408 662 2440 me
699 2389 763 2440 acia
771 2386 850 2452 ludit,
988 2381 1014 2447 ,i

152 2500 155 2507 .
177 2484 185 2489 -
257 2476 259 2481 ’
286 2472 329 2505 um
337 2473 409 2525 nova
419 2456 539 2509 clivorum
548 2465 644 2515 coenat
652 2456 805 2524 adulteria:

227 2518 322 2575 Omnia
331 2541 360 2573 se
369 2542 387 2575 α
396 2525 479 2575 terris
488 2532 553 2574 tunc
561 2525 680 2576 Numina
690 2522 874 2575 declinarm

258 2590 347 2661 rugit
357 2600 385 2641 et
394 2601 507 2641 auratos
515 2590 620 2657 Iupiter
629 2593 686 2659 ipae
696 2602 779 2643 toros.
811 2646 818 2654 ,

158 2662 160 2667 ’
192 2646 373 2709 Auxiteo'enac
382 2675 514 2709 utmorem
524 2662 735 2709 summetnncin
753 2658 853 2708 civitate
870 2670 958 2724 penu·

195 2720 266 2772 tinae
273 2722 594 2793 sames-Acclamttrunque
604 2737 641 2776 est
652 2722 957 2794 postridie,frurrreuttarr

959 2838 970 2861 l
