2092 3059
98 212 103 221 s
153 174 251 243 912
452 116 744 214 csvnrortn
794 153 800 159 ’

213 268 316 319 nullum
325 262 469 331 largitionis
479 274 523 313 aut
534 260 677 313 officiorum
686 261 714 311 in
726 278 886 329 quemquam
895 277 981 329 genus

211 332 501 403 publice‘p'rivstlmque
516 333 612 380 omisit.
634 331 741 381 'Forum
756 330 789 381 de
798 329 929 381 manubiis
939 332 983 380 in·

211 400 323 451 choavie:
344 400 415 448 cuius
426 416 482 449 urea
493 414 571 465 super
586 398 734 447 sestertium
748 398 850 448 millies
856 399 982 449 constitit.

212 471 310 523 Munus
319 467 416 535 populo
430 466 590 532 epulumque
605 463 782 531 pronuntiavit
797 466 826 513 in
841 465 982 515 filiae'me-

182 556 188 587 .·
212 537 336 597 moriam,
347 533 417 604 quod
426 543 484 583 ante
495 549 558 582 eum
567 548 653 582 nemo.
665 532 785 599 Quorum
794 543 825 581 ut
834 530 914 598 quam
923 548 983 581 ma-

212 598 282 655 xima
292 602 444 669 exspectatio
455 612 528 661 esset,
535 615 564 650 ea
574 616 638 666 quae
649 598 801 666 ad'epulum
807 597 982 667 pertinerent,

212 670 330 737 quamtis
340 668 494 718 macellariis
504 668 633 728 ohlocata,
649 668 726 716 etiam
736 665 924 717 domesticatim
934 684 981 734 ap-

140 772 143 781 ·
231 736 326 787 arabat.
347 730 509 787 Gladiatores
517 746 608 797 notos,
628 734 713 784 sicubi
723 735 821 783 infestis
831 736 982 802 spectatori-

211 756 260 855 dus
271 804 435 864 dimicarent,
447 803 473 853 vi
483 801 630 868 rapiendos,
641 801 859 867 reservandosque
869 802 981 853 mauda-

210 872 262 925 bat.
283 872 393 921 Tirones
402 886 486 934 neque
497 868 599 919 inludo
609 886 694 935 neque
703 886 749 936 per
759 870 878 934 lanistas,
889 868 936 919 sed
952 871 979 920 in

212 937 332 990 domibus
346 953 395 1003 per
405 938 500 1002 equites
510 934 642 987 Romanos
654 948 730 1003 atque
746 937 824 985 etiam
836 952 884 1003 per
904 952 980 990 sense

133 1037 136 1043 -
212 1018 278 1057 tores
297 1015 430 1055 armorum
449 1004 546 1071 peritos
565 1004 709 1054 erudiebat:
729 1003 849 1071 precibus
868 1006 979 1066 enitens,

161 1127 168 1141 .
211 1070 283 1139 qued
293 1072 404 1139 epistolis
416 1071 469 1120 eius
480 1069 639 1131 ostenditur,
661 1081 690 1120 ut
705 1067 872 1137 disciplinam
887 1074 979 1137 singu-

208 1142 297 1191 lorum
306 1138 473 1205 susciperent,
479 1136 580 1203 ipsique
591 1136 683 1193 dictata
691 1138 868 1187 exercentibus
874 1135 977 1189 darent.

208 1206 365 1275 Legionibus
375 1203 536 1274 stipendium
545 1206 573 1253 in
582 1218 741 1283 perpetuum
751 1206 901 1272 duplicavit.
910 1203 984 1256 Fre·
1019 1237 1022 1248 ι

197 1274 342 1338 mmmm,
354 1276 452 1339 quoties
463 1274 537 1339 copia
547 1284 620 1335 esset,
632 1284 708 1322 suam
717 1275 772 1322 sine
781 1273 861 1324 modo
872 1289 978 1322 mensu·

207 1358 287 1407 saque
308 1340 439 1406 praebuit:
470 1356 499 1389 ac
519 1338 620 1403 singule
639 1337 773 1391 interdum
795 1332 923 1413 mancipiis
952 1352 978 1393 et
1030 1411 1031 1414 Ἴ

206 1405 312 1477 praedis
323 1407 420 1457 viritim
430 1405 512 1457 dedit.
976 1465 979 1471 Ι

257 1472 370 1527 XXVII.
385 1470 428 1525 Ad
438 1470 603 1522 retinendam
612 1483 698 1523 autem
708 1472 827 1540 Pompeii
837 1471 977 1532 necessitu-

154 1586 157 1589 .
208 1542 296 1593 dinem
306 1556 336 1590 ae
345 1539 518 1600 voluntatem,
530 1540 673 1602 octaviam,
684 1543 778 1590 sororis
788 1559 849 1592 suae
859 1552 976 1607 neptem,
1029 1559 1034 1568 ·

178 1636 180 1639 ·
208 1621 273 1675 quae
284 1604 315 1657 C.
330 1606 455 1657 Marcello
466 1617 548 1673 nupta
557 1618 623 1669 erat,
643 1606 817 1657 conditionem
835 1609 859 1657 ei
875 1608 984 1673 detulit,

207 1676 257 1726 sibi
276 1690 309 1724 ue
319 1674 400 1723 filiam
410 1674 464 1725 eius
474 1675 502 1721 in
512 1675 710 1723 matrimonium
719 1676 801 1741 petiit,
811 1676 907 1726 Fausto
914 1677 976 1727 Sul-

206 1742 248 1793 ise
257 1693 417 1792 destinatam.
433 1739 564 1789 Omnibus
574 1757 635 1790 vero
646 1742 713 1791 circa
724 1758 794 1805 eum,
805 1755 884 1808 atque
895 1746 976 1794 etium

206 1818 278 1877 parts
288 1824 383 1874 magna
398 1806 519 1867 Senatus,
539 1809 665 1871 gratuito,
685 1819 729 1857 aut
742 1810 794 1860 lesi
810 1809 919 1861 foenore
929 1811 977 1861 ob-

207 1876 314 1937 strictis,
328 1891 359 1924 ex
368 1873 471 1939 reliquo
481 1890 585 1940 quoque
595 1874 717 1924 ordinum
727 1892 821 1942 genere
830 1877 872 1927 vel
881 1877 976 1929 inrita⁴

206 1952 246 1995 τοι
255 1943 298 1994 rel
307 1951 397 2008 sponte
413 1940 446 1990 ad
461 1957 487 1990 se
503 1953 678 1991 commeantes
692 1942 824 1993 uberrimo
841 1947 976 2011 congiario

117 2015 123 2075 Ἰ
205 2009 420 2079 prosequebatur:
429 2006 536 2057 libertos
545 2009 652 2073 insuper
658 2010 829 2077 consulesque
839 2012 975 2079 cuiusque,

204 2088 285 2145 prout
295 2075 402 2125 domiuo
411 2084 553 2142 patronoue
562 2076 650 2139 gratus
660 2076 718 2139 quis
731 2088 805 2128 esset.
835 2078 908 2128 Tum
918 2097 976 2129 reo-

205 2160 267 2193 rum
282 2154 327 2192 aut
344 2141 539 2217 obaeratorum,
552 2150 597 2189 aut
606 2139 730 2206 prodigae
738 2143 880 2193 iuventutis
890 2146 976 2197 subsi-

206 2210 280 2261 dium
290 2211 399 2259 nnicum
409 2225 437 2259 ac
445 2207 652 2276 promussimum
661 2221 726 2259 erat:
735 2210 785 2260 nisi
795 2216 976 2279 quoslgravior
996 2222 1002 2228 “
1033 2233 1034 2278 p

206 2275 347 2327 criminum
358 2274 399 2325 vel
409 2277 508 2343 inopiae
519 2276 667 2326 luxuriseve
676 2276 715 2327 sis
725 2290 843 2341 urgeret,
854 2296 934 2345 quam
945 2291 976 2331 ut
1033 2327 1034 2334 ,

120 2346 122 2349 ’
205 2342 336 2395 subveniri
355 2356 441 2413 posset
460 2360 474 2395 a
493 2357 530 2392 se.
558 2340 691 2408 Hisplene
700 2344 801 2412 palam,
820 2344 975 2400 bellocivili

126 2405 141 2445 Ϊ
208 2428 272 2480 opus
284 2428 349 2472 esse,
366 2410 474 2459 dicebat.
993 2460 996 2462 ,

257 2478 381 2531 XXVIII.
387 2477 441 2529 Nec
450 2476 550 2525 minore
559 2473 646 2526 studio
655 2493 728 2545 reges
737 2490 813 2545 atque
818 2478 974 2546 provincias,

125 2588 128 2593 ,
187 2604 190 2609 y
204 2550 253 2613 per
261 2556 388 2596 umorum
398 2543 500 2604 orbem,
511 2543 652 2595 alliciebat:
670 2547 726 2596 aliis
738 2548 902 2613 captivorum
912 2549 975 2598 mil-

205 2613 240 2665 lia
250 2612 319 2663 douo
329 2614 452 2662 offerens:
464 2611 529 2673 aliis,
541 2614 603 2663 citra
613 2611 721 2662 Senatus
731 2616 876 2681 populique
885 2626 973 2666 aucto·
1033 2625 1034 2632 ’

120 2677 125 2684 ’
205 2683 317 2742 ritatem,
323 2694 375 2743 quo
385 2678 489 2741 vellent,
497 2688 523 2729 et
534 2680 635 2744 quoties
645 2681 752 2737 vellent,
758 2683 851 2731 auxilia
861 2680 972 2731 submit·
986 2751 989 2757 Ι
