2092 3059
228 30 280 145 icc
313 112 315 119 ,
454 76 486 132 c.
514 39 749 130 staron-rt
790 151 796 156 ν

152 212 161 216 -
225 177 457 241 tias,csculandam
470 193 578 228 manum
593 177 690 237 offerre,
709 172 849 228 formatam
870 191 993 226 commc-
1027 169 1028 248 i

225 257 327 310 tamque
336 250 363 296 in
373 244 531 293 obscoenum
545 240 662 296 modum·
712 276 717 282 -
1027 281 1028 316 p

193 339 198 346 ·
275 311 358 362 LVII.
377 310 488 360 Futurae
498 306 580 357 caedis
590 308 670 355 multa
686 306 800 374 prodigia
816 308 989 364 exstiterunt,

226 373 360 442 Olympiae
370 378 534 426 simulacrum
544 375 618 434 Iovis,
639 371 708 436 quod
720 371 825 423 dissolri
836 375 991 425 transferri·

226 459 275 505 que
284 444 390 492 Romam
399 441 533 506 placuerat,
540 451 638 488 tantum
648 438 803 489 cachinnum
813 453 927 504 repente
938 441 991 489 edi-

227 508 278 568 dit,
289 519 318 559 ut
327 506 451 556 machinis
460 505 587 556 labefactis
597 503 697 569 opifices
708 503 866 570 diffugerint.
890 507 990 571 Supera

226 573 346 638 venitque
355 572 421 621 illico
431 570 536 636 quidam
542 570 640 634 Cassius
650 585 751 633 quoquc
761 571 879 632 nomine,
887 573 990 620 iussum
1027 571 1028 576 ’

226 656 253 687 se
263 637 361 689 somnio
371 637 497 687 affirmans
507 636 639 684 immolare
650 637 766 685 Taurum
781 637 847 684 Iovi.
882 635 988 702 Capito·

136 743 142 749 ,
225 704 404 769 lium-Capuae
417 703 503 752 idibus
513 693 611 752 Martiis
621 699 652 748 de
663 701 732 749 coelo
743 711 839 750 tactum
850 713 904 750 cst:
926 705 989 751 item

226 771 321 820 llomae
332 770 395 818 cella
409 768 515 817 Palatini
524 766 660 816 Atriensis.
690 765 743 816 Nec
764 767 922 830 defuerunt,
964 768 989 816 ui

228 837 398 888 coniectarent
407 835 485 882 altero
498 843 596 882 ostento
606 833 747 897 periculum
758 843 771 880 a
782 833 937 884 custodibus
944 785 988 882 ilo-

226 905 298 954 mino
308 898 436 966 portendi:
446 901 532 959 altero,
543 897 645 946 caedem
655 915 740 946 rursus
750 899 891 962 insignem,
903 901 988 963 qualis

146 995 152 999 -
227 967 319 1017 ectlem
328 966 369 1015 die
378 964 444 1019 sacta
454 962 584 1029 quondam
594 965 690 1012 fuisset.
716 963 868 1014 consulenti
879 982 986 1030 quoque

227 1034 259 1083 tle
271 1031 386 1097 genitura
395 1045 448 1091 sita,
469 1032 542 1082 Sulla
556 1029 749 1080 mathematicus
759 1031 932 1082 certissimam
942 1047 986 1079 ne-

181 1111 191 1117 ·
226 1095 644 1165 cemappropinquareallirmavit.
673 1093 831 1144 Mcnuerunt
847 1107 873 1143 et
891 1097 985 1145 Fortu-

225 1182 274 1214 nae
285 1162 438 1225 Antiathrac,
448 1160 484 1212 ¹ut
494 1179 512 1211 a
524 1161 617 1212 Cassio
627 1169 741 1210 caveret.
771 1163 830 1226 Qua
840 1177 932 1212 caussa
942 1164 985 1210 illc

227 1229 345 1282 Curium
353 1231 502 1295 Longinum
511 1227 583 1282 Asiae
594 1239 649 1282 tum
667 1229 847 1290 proconsulem
862 1228 985 1276 occiden-

138 1302 144 1309 '
226 1294 291 1345 dum
301 1297 357 1346 dclc
375 1307 465 1358 averae,
484 1296 635 1356 immemor,
657 1292 797 1342 Chaeream
807 1290 933 1344 cassium
940 1311 984 1343 no-

206 1411 209 1417 ,
227 1363 329 1410 minari.
356 1314 440 1409 indie
452 1376 530 1423 quam
540 1361 645 1424 periret,
665 1359 949 1424 somniavit-consistere
958 1376 982 1408 se

225 1426 253 1474 in
262 1426 334 1473 coelo
342 1427 410 1474 iuxta
420 1427 515 1473 solium
523 1423 602 1474 lovis:
612 1425 805 1489 impulsumque
815 1423 847 1473 ab
858 1442 889 1473 eo
901 1426 983 1476 ‹lextrl

213 1549 215 1555 Ι
225 1489 299 1556 pedis
309 1492 412 1556 pollice,
422 1502 447 1540 et
457 1491 484 1539 in
494 1501 571 1539 terras
581 1491 785 1556 praecipitatum.
792 1489 981 1556 Prodigiorum

199 1585 202 1589 ·
226 1559 284 1606 loco
293 1555 378 1608 habita
387 1569 446 1608 sunt
456 1558 546 1615 etiam,
567 1573 630 1620 quae
641 1556 705 1604 forte
716 1556 826 1622 illc-,ipso
836 1557 880 1606 die
891 1559 979 1623 paullo

227 1625 298 1690 prius
310 1624 466 1679 [acciderant.
502 1621 649 1674 Sacrificaus
658 1638 789 1686 respersus
796 1635 834 1672 est
843 1620 980 1688 phoenico-

227 1693 294 1755 pteri
303 1693 434 1754 sangnine.
465 1692 498 1738 Et
507 1690 680 1752 pantomimus
691 1689 805 1737 Mnester
820 1687 980 1752 tragoediam

140 1761 142 1770 '
201 1759 206 1766 ’
227 1755 333 1812 saltarit,
362 1771 422 1802 uam
431 1753 495 1800 olim
504 1754 686 1817 Neoptolemus
696 1754 830 1818 tragoedus
839 1753 981 1821 lud1s‚qui·

228 1820 338 1868 buallex
377 1819 519 1867 acedonum
530 1817 662 1883 Philippus
674 1819 769 1866 occisus
780 1815 823 1879 cst,
835 1833 930 1882 egerat.
950 1823 981 1871 Et

229 1901 310 1950 quum
315 1886 341 1932 in
346 1884 469 1933 Laureolo
475 1882 564 1944 mimo,
571 1885 596 1932 in
602 1900 654 1948 quo
663 1895 729 1932 actor
739 1884 881 1950 proripiens
891 1886 980 1936 serui-

229 1968 263 2000 na
270 1950 420 2014 sanguinem
429 1953 522 2008 vomit,
538 1951 625 2015 plures
635 1949 804 2002 secundarum
813 1953 930 2004 certatim
941 1969 980 2002 ex·

207 2041 211 2048 ·
228 2016 403 2081 perimentum
413 2016 471 2064 artis
481 2015 577 2075 darent,
588 2032 677 2065 cruore
686 2032 760 2067 scena
769 2016 921 2067 abundavit.
935 2019 980 2068 Pa·

229 2081 332 2130 rebatur
343 2092 367 2129 et
376 2082 404 2131 in
414 2092 515 2130 noctem
524 2085 706 2148 spectaculum,
717 2098 768 2146 qno
777 2095 933 2148 argumenta
942 2086 979 2134 in·

230 2147 344 2197 [erorum
353 2161 398 2211 per
403 2146 544 2212 Aegyptios
555 2159 580 2198 et
589 2147 725 2214 Aethiopas
736 2150 934 2216 explicarentur.

240 2256 244 2263 .
280 2213 376 2263 Lvltt.
397 2213 472 2262 Nono
482 2213 611 2264 Kalendas
620 2213 768 2264 Februarias
779 2215 840 2265 hora
855 2217 929 2279 quasi
942 2233 978 2266 ει·

231 2281 325 2346 ptime,
335 2290 465 2329 cunctatus
474 2297 508 2328 an
518 2279 551 2330 ad
562 2281 697 2346 prandium
708 2292 835 2346 surgeret,
850 2295 976 2332 marcente

231 2344 315 2397 adhuc
323 2345 452 2396 stomacho
462 2347 570 2412 pridiani
581 2347 629 2395 cibi
645 2364 727 2408 onere,
737 2347 841 2400 tandem
852 2347 977 2398 studenti·

185 2458 189 2462 .
229 2411 278 2462 hus
287 2413 374 2462 amicis
385 2430 498 2478 egressus
509 2424 555 2463 est.
577 2415 675 2478 Quum
684 2415 711 2462 iu
717 2415 814 2479 crypta,
836 2429 883 2478 per
902 2431 974 2479 quam

229 2477 415 2528 transeundum
424 2492 489 2538 erat,
509 2478 581 2544 pueri
592 2480 689 2530 nobiles
700 2497 731 2528 ex
742 2481 804 2530 Asia
818 2479 850 2526 ad
867 2477 974 2530 edendas

229 2544 973 2614 iuscenaoperasevocatipraepararentur,uteosinspiceret
1027 2549 1028 2580 l
