2092 3059
156 143 158 151 ,
199 66 241 153 ‘to
307 118 311 125 ,
402 132 404 135 ,
434 87 467 141 c.
498 84 734 143 svurontr

204 202 283 242 tatum
294 189 459 257 dignumque
471 186 731 257 cognitusdvecturn
749 200 827 250 esset,
851 188 879 239 sd
901 202 974 241 extra

203 257 322 324 ordinem
341 258 456 325 quolibet
475 259 534 307 loeo
553 256 696 323 publicare:
714 268 757 305 'ut
779 257 975 309 rhinocerotem

203 324 274 392 apud
284 325 373 391 Septa:
394 327 482 391 tigrim
493 326 521 374 in
536 340 623 374 scena:
643 342 757 391 anguem
776 326 974 391 quinquaginta

204 388 350 444 cubitorum
359 410 406 459 pro
416 392 540 457 Comitio.
569 390 671 441 Accidit
690 391 781 443 votivis
796 391 973 456 Circensibus,

203 470 241 523 ut,
252 460 381 527 correptus
393 458 545 520 valetudine,
555 460 644 509 lectica
655 459 764 523 cubans,
774 459 876 508 thensas
886 458 973 510 dedu-

204 538 285 577 ceret:
295 544 391 589 rursus,
398 528 582 577 commissione
593 526 726 586 ludorum,
736 527 832 592 quibus
837 526 974 577 theatrum

204 594 319 645 Marcelli
338 594 485 657 dedicabat,
506 596 602 655 evenit,
622 606 664 655 ut,
683 596 772 643 laxatis
781 595 973 645 sellsecurulis

203 661 377 727 compagibus,
392 664 492 712 caderet
501 665 618 733 supinus.
648 663 780 727 Nepotum
790 672 899 727 quoque
909 680 973 711 suo·

204 744 264 779 tum
273 746 395 791 munere,
411 748 493 795 quum
504 740 693 797 consternatum
702 730 792 777 ruinae
802 742 875 777 metu
883 747 972 795 popu-

203 795 260 845 lum
270 795 377 847 retinere
389 810 414 845 et
423 799 573 845 confirmare
584 797 658 844 nullo
667 795 747 844 modo
756 808 848 862 posset,
870 797 974 847 transiit
990 832 995 837 v

63 927 68 935 ι
116 880 121 893 ,
201 862 283 911 eloco
294 880 340 912 suo
350 876 425 929 atque
436 865 463 913 iu
479 880 507 912 ea
526 874 597 930 parte
616 863 743 927 consedit,
763 880 828 928 quae
848 877 974 931 suspecta

156 964 164 971 -
202 928 314 979 maxime
325 934 386 980 erat.

185 996 187 999 ’
252 994 348 1048 thv.
369 994 507 1063 Spectandi
518 996 730 1046 confusissimum
741 1014 769 1046 se
779 996 972 1051 solutissimum

144 1102 149 1107 .
202 1078 302 1113 morem
313 1066 429 1127 correxit,
434 1063 626 1129 ordinavitque3
636 1075 722 1113 motus
733 1065 826 1114 iniuria
835 1067 972 1128 senatoris,

72 1137 74 1143 '
123 1176 126 1182 ,
203 1146 290 1195 quem,
301 1132 422 1192 Puteolis,
434 1139 480 1199 pe'r
490 1132 670 1181 celeberrimos
681 1129 766 1189 ludos,
785 1148 906 1181 consessu
917 1133 973 1183 fre·

202 1200 299 1262 quenti,
310 1215 388 1249 nemo
397 1210 544 1265 receperat..
559 1200 637 1248 Facto
647 1198 728 1261 igitur
739 1197 841 1248 decreto
851 1210 971 1265 patrum,

201 1276 239 1325 ut,
263 1268 363 1330 quoties
373 1265 436 1331 quid
446 1268 582 1339 spectaculi
598 1282 707 1330 usquam
721 1266 826 1331 publice
836 1267 969 1327 ederetur,

138 1342 147 1356 '¹
203 1332 302 1397 primus
312 1333 495 1383 subselliorum
505 1333 568 1382 ordo
579 1344 681 1383 vacaret
690 1335 860 1383 senatoribus:
869 1336 970 1385 Romae

123 1398 141 1404 ”’
203 1400 299 1462 legatos
308 1400 448 1451 liberarum
458 1401 767 1465 sociarumqueaegeutium
782 1404 863 1451 vetrrit
878 1404 908 1449 in
927 1419 972 1451 or-

202 1463 456 1517 chestraconsidere:
467 1476 557 1532 quum,
570 1467 696 1531 quosdam
708 1469 787 1517 etiam
796 1468 914 1518 libertini
925 1484 972 1536 ge·

128 1544 133 1549 '
204 1536 356 1596 neristuitti,
366 1533 586 1601 deprehendisset.
598 1532 706 1581 Militem
716 1539 826 1585 secrevit
835 1554 849 1585 ι
859 1538 972 1602 populo·
1037 1559 1039 1578 τ

203 1600 300 1663 Meritis
310 1621 324 1653 e
333 1600 408 1669 plebe
418 1603 536 1669 proprios
546 1598 648 1649 ordines
658 1600 810 1665 assignavit:
826 1616 972 1669 praetexta·

105 1680 109 1687 ·
196 1668 233 1733 ⁴tis
243 1684 356 1719 cuneum
365 1686 456 1728 suum,
477 1679 502 1717 et
516 1668 667 1733 proximum
685 1666 852 1735 paedagogis:
871 1673 970 1720 sanxit·

202 1746 266 1798 qsse,
276 1754 309 1787 ue
320 1736 376 1801 quis
385 1738 545 1803 pullatorum
553 1733 639 1783 medin
649 1751 724 1785 cavea
736 1736 845 1787 sederet.
862 1738 969 1787 Foemi-

201 1803 240 1850 nis
252 1820 284 1851 ue
300 1802 452 1869 gladiatores
473 1800 588 1867 quidem,
609 1819 673 1866 quos
692 1802 836 1868 promiscue
856 1808 968 1871 spectari
987 1851 990 1855 Α

202 1870 306 1919 solenne
316 1870 380 1919 olim
390 1880 450 1931 erat,
462 1868 510 1918 nisi
521 1884 552 1917 es
562 1871 693 1934 superiore
704 1872 768 1933 loco,
779 1884 893 1937 spectare
903 1889 968 1921 cou-
1037 1913 1039 1918 .

123 1958 125 1961 ·
202 1938 283 1999 cessit,
302 1938 373 1987 solis.
403 1936 558 1999 Virginibus
568 1936 715 1987 Vestalibus
725 1938 814 1987 locum
823 1941 854 1989 iu
862 1939 976 1989 theatro-

127 2021 133 2029 ·
200 2004 819 2070 separatimetcoutrapraetoristribunaldcdit.
845 2004 968 2058 Athleta-

56 2126 59 2133 Ι
110 2086 116 2091 ·
200 2084 262 2117 rum
271 2070 332 2120 iero
342 2072 488 2137 spectaculo
497 2071 625 2121 muliebre
635 2088 706 2120 secus
721 2089 798 2124 omne
819 2072 884 2123 adeo
903 2068 968 2125 sub·

164 2150 168 2155 ·
201 2138 295 2199 morit,
314 2150 351 2199 ut,
362 2138 555 2189 Pontificalibus
565 2139 641 2198 ludis,
661 2140 783 2205 pugilum
793 2157 840 2207 prr
848 2144 969 2208 postules

201 2212 258 2253 tum
276 2202 404 2257 distulerit
414 2208 439 2257 in
456 2209 613 2272 insequentis
623 2205 674 2254 diei
682 2210 843 2258 matutinum
851 2207 965 2275 tempus,

200 2270 373 2339 edixeritque:
390 2274 513 2337 mulieres
522 2283 588 2325 ante
596 2272 691 2324 horam
699 2276 824 2343 quintam
832 2276 966 2328 venireirs

202 2336 336 2392 theatrum
347 2360 404 2393 non
429 2342 527 2394 lacere.
948 2366 963 2407 j

251 2405 395 2477 XLV-Ipse
425 2410 968 2471 irceuses,⁴examicerusulerelibertorum·

189 2482 192 2492 “
202 2489 252 2589 pue
263 2480 406 2529 coenaculis
416 2477 552 2545 spectabat,
558 2477 690 2528 interdum
700 2495 713 2525 e
725 2481 864 2547 pulvinari,
871 2489 898 2526 et
907 2479 968 2543 qni·

177 2555 182 2580 :
221 2557 264 2593 em
274 2560 334 2599 cum
344 2546 488 2610 coningere
499 2544 600 2606 liberis,
616 2543 719 2596 sedens.
738 2545 892 2613 Spectacula
906 2546 969 2611 plu-

201 2608 280 2661 rimas
290 2610 373 2674 horas,
384 2611 526 2676 aliquando
534 2623 599 2663 totos
608 2609 667 2661 dies
674 2612 775 2664 alluat:
794 2615 873 2682 petita
883 2614 967 2671 renis.
