2092 3059
223 145 276 213 50²
451 120 748 203 'c.sv'ur0u11

222 252 325 314 meotis,
336 262 361 302 et
371 245 547 319 gubernaculo
556 248 681 301 diffracto.
701 249 757 300 Nee
766 247 895 316 amplius,
908 262 990 313 quam

221 330 319 386 septem
329 330 355 368 et
365 318 456 385 viginti
466 316 535 379 dies,
556 316 638 367 donec
654 314 781 366 desideria
791 317 907 365 militum
918 313 992 363 ordi·

154 409 162 415 ·
222 396 358 445 narentur,
368 384 496 435 Brundisii
507 395 689 444 commoratus,
700 381 777 433 Asiae
789 382 933 450 Syriaeque
944 384 994 430 cir·

222 455 306 514 cuitu,
329 452 479 519 Aegyptum
490 453 566 519 petit:
586 453 739 517 obsessaque
748 449 918 511 Alexandria,
940 466 993 514 quo

220 517 351 571 Antonius
361 536 422 569 cum
432 518 567 586 Cleopatra
577 520 737 585 confugerat,
747 519 819 569 brevi
830 519 931 584 potitus
942 528 989 565 est.

72 607 74 611 ’
144 628 150 633 -
220 588 255 639 Et
264 585 527 653 Antonium'quidem
541 602 608 635 teras
625 584 784 636 conditiones
799 588 868 653 pacis
884 596 991 633 teutan-

221 666 287 719 tem,
306 654 340 707 ad
349 665 458 704 mortem
473 654 561 719 adegit
575 653 689 720 viditque
704 665 847 703 mortuum.
878 651 991 716 Cleopa-

222 734 287 785 trae,
307 738 385 789 quam
395 733 522 772 servatam
535 721 668 788 triumpho
681 737 839 788 magnopere
857 719 990 785 cupiebat,

220 790 401 857 etiamPsyllos
411 788 538 850 admovit,
557 790 603 853 qui
612 805 744 838 venenum
753 804 782 839 ac
791 790 861 838 virus
878 788 991 849 exsuge·

220 869 290 907 rent:
311 854 382 923 quod
391 858 484 921 perisse
494 869 584 904 morsu
599 856 695 923 aspidis
710 855 856 922 putabatur.
886 851 991 903 Ambo·

196 940 198 943 ·
220 923 269 973 bus
279 938 447 973 communem
456 922 604 989 sepulturae
614 922 739 974 honorem
749 922 845 984 tribuit,
857 938 887 970 ac
897 933 986 970 tumn·

219 992 278 1044 lum
288 991 319 1041 ab
330 990 392 1057 ipsis
402 989 552 1039 inchoatum
566 990 656 1104 perfici
668 990 750 1050 iussit.
778 988 927 1039 Antonium
947 989 989 1035 iu·

198 1098 206 1112 ,
222 1075 323 1119 renem,
334 1058 460 1107 maiorem
469 1056 501 1107 de
514 1056 566 1110 duo
587 1073 615 1105 us
625 1058 717 1121 Fulvia
727 1057 827 1122 genitis,
847 1055 988 1104 simulacro
1014 1084 1017 1093 ·

219 1126 253 1176 D·
263 1126 340 1184 lulli,
350 1123 383 1175 sd
394 1121 477 1191 quod,
488 1134 548 1189 post
555 1122 650 1174 multas
659 1135 686 1173 et
695 1127 778 1174 irritas
786 1138 883 1189 preces,
895 1124 989 1171 cousu-

219 1205 303 1260 gerat,
313 1191 458 1259 abreptum,
469 1192 609 1241 interemit.
631 1189 698 1240 Item
708 1188 896 1249 Caesar-ionem,
904 1206 988 1254 quem

219 1276 250 1313 ex
266 1258 373 1310 Caesare
391 1258 524 1325 Cleopatra
544 1258 691 1323 concepisse
710 1256 885 1322 praedicabat,
904 1270 988 1307 retra-

218 1327 399 1392 ctumeluga,
423 1325 553 1391 supplicio
563 1324 658 1373 affecit.
686 1325 807 1390 Reliquos
816 1322 928 1375 Antonii
948 1342 991 1375 re·

237 1395 344 1459 luneque
354 1404 504 1442 communes
513 1390 622 1453 iiberoa',
642 1409 694 1441 uon
704 1407 790 1453 secus,
810 1407 839 1440 ac
848 1391 989 1442 necessitu-

218 1412 278 1510 dine
288 1462 388 1509 iunctos
398 1458 447 1509 sibi
457 1470 481 1508 et
491 1458 650 1509 conservavit
660 1470 685 1509 et
694 1474 770 1523 mox,
780 1476 828 1531 pro
837 1458 986 1510 conditione

219 1529 354 1593 cuiusque,
365 1528 487 1577 sustinuit
496 1540 526 1575 ac
536 1525 610 1578 fovit.

206 1612 208 1617 ’
269 1594 370 1647 xvlu.
389 1592 439 1645 Per
446 1593 519 1645 idem
529 1604 644 1661 tempus,
658 1595 832 1646 conditorium
852 1606 877 1645 et
892 1592 988 1661 corpus

219 1664 310 1728 Magni
320 1659 472 1725 Alexandri,
493 1676 590 1727 quum,
609 1664 739 1729 prolatum
756 1663 913 1731 epeuetraii‚
925 1663 988 1711 sub·

218 1730 315 1781 iecisset
324 1730 412 1789 oculis,
419 1746 511 1779 corona
521 1746 598 1779 aurea
608 1731 734 1796 imposita,
744 1746 774 1779 ac
782 1730 894 1780 floribus
899 1748 987 1797 aspen·

219 1807 428 1857 tum,venerstus
439 1807 489 1845 est:
500 1798 692 1864 consultusque,
699 1814 763 1847 uum
774 1809 799 1847 et
806 1796 987 1849 Ptolemaeum

220 1866 347 1931 inspicere
358 1864 449 1924 vellet,
468 1864 574 1933 Regem
582 1881 611 1914 se
620 1864 743 1924 voluisse,
753 1866 795 1926 ait,
811 1864 908 1927 videre,
930 1882 986 1915 non

220 1940 348 1982 mortuos.
359 1926 516 1996 Aegyptum,
528 1932 556 1979 in
565 1933 712 1997 provinciae
722 1933 983 1993 sormamredactam,

220 2010 250 2049 ut
261 1997 410 2047 feraciorem
421 1995 623 2063 habilioremque
641 2006 757 2049 annonae
773 1999 876 2049 urbicae
891 1998 987 2047 redde-

220 2077 266 2127 ret,
287 2064 364 2129 iussas
375 2078 478 2122 omnes,
498 2066 526 2113 in
536 2081 598 2129 quas
608 2064 685 2115 Nilus
695 2078 829 2128 exaestuat,
849 2065 987 2115 oblimatas

220 2136 297 2197 longa
306 2142 442 2193 vetustate,
453 2131 560 2181 militari
569 2148 645 2197 opere
656 2132 770 2183 detersit.
790 2133 902 2203 Quoque
911 2132 987 2182 Acti·

221 2214 278 2251 scae
288 2198 406 2249 victoriae
417 2199 541 2249 memoria
551 2197 697 2249 celebratior
704 2201 761 2250 etin
769 2212 901 2269 posterum
911 2210 987 2261 esset,

221 2266 313 2316 urbem
323 2260 458 2331 Nicopolin
468 2267 539 2333 apud
548 2264 655 2316 Actium
665 2266 792 2317 condidit:
810 2267 940 2333 ludosque
954 2270 988 2315 il-

220 2334 254 2384 lle
265 2334 469 2399 quinquennales
481 2334 625 2395 coustituit,
638 2342 663 2382 et
672 2336 797 2403 ampliato
807 2347 893 2385 vetere
902 2333 988 2404 Apol·
1004 2386 1009 2391 ,

221 2400 280 2452 linis
300 2401 409 2467 templo,
429 2402 516 2450 locum
537 2412 691 2465 castrorum,
711 2400 806 2468 quibus
820 2402 987 2461 lucraturus,

221 2479 370 2549 exornetum
381 2466 514 2519 navalibus
524 2468 628 2536 spoliis,
648 2468 771 2538 Neptuno
786 2486 816 2520 ac
830 2470 909 2520 Marti
923 2485 986 2521 con·

220 2550 336 2588 secravrt.
674 2554 686 2568 ⁸

204 2598 206 2603 ’
268 2604 339 2655 XIX.
349 2604 490 2661 Tumultus
501 2601 644 2669 posthaec,
661 2617 687 2655 et
696 2622 786 2657 rerum
796 2622 927 2657 novarum
937 2604 988 2654 ini-

220 2671 252 2721 tia
262 2672 498 2736 coniurationesque
508 2672 662 2740 complures,
671 2676 745 2741 prius
755 2690 835 2740 quam
845 2672 992 2743 invalesce-
