2092 3059
107 140 161 248 J
245 194 282 251 oa
382 160 387 173 ’
479 184 770 242 csvnroun

225 289 279 340 'de
291 284 599 354 makistratibusurbicis,
620 285 769 337 decuriones
788 286 908 347 colonici,
930 288 1012 340 inaot

247 360 355 423 quisque
366 358 472 419 colonia,
485 357 589 416 ferrent,
600 368 632 417 et,
642 354 691 403 sub
701 353 774 405 diem
782 354 963 417 comitiorum,
971 355 1013 403 ob·

224 432 226 435 “
246 427 344 490 signata
355 424 462 475 Romam
473 426 611 473 mitterent.
634 420 673 473 Ac
682 421 776 477 necubi
787 416 831 472 aut
840 422 1013 487 bonestorum

247 490 366 541 deficeret
375 491 447 555 copia
457 502 500 540 aut
510 486 683 538 multitudinis
692 488 802 551 soboles,
808 489 959 553 equestrem
965 490 1013 537 mi-

246 559 331 608 litiam
341 568 468 624 petentes,
488 558 566 606 ctiam
576 572 606 604 ex
616 554 840 605 commendatione
849 553 959 621 publica
970 572 1012 603 cu-

246 626 336 703 iuapue
348 622 446 693 oppidi,
457 623 603 673 ordinabat:
618 623 692 684 atila,
714 621 759 686 qui
769 640 783 670 e
792 621 879 688 plebe,
889 623 1013 686 regiones

178 709 181 715 ¹
246 692 294 741 sibi
305 689 431 750 reticenti,
453 692 526 751 filios,
543 688 638 739 filiasve
648 688 830 755 approbarent,
847 687 954 753 singula
965 706 1012 737 nu·

247 758 352 809 morum
361 758 444 806 millia
454 773 500 823 pro
511 758 620 823 singulis
630 753 772 805 dividebat.

297 824 405 875 XLVII.
415 822 564 873 Provincias
573 821 724 882 validiores,
745 832 770 880 et
779 836 843 886 quas
853 824 950 871 annuis
959 838 1013 869 ma-

246 891 400 957 gistratuum
411 888 524 955 imperiis
535 890 590 953 regi
600 904 647 938 nec
655 886 727 937 facile
739 905 787 936 nec
796 899 953 949 tutumerat,
960 890 1013 953 ipse

247 959 371 1023 suscepit:
392 967 500 1005 caeteras
520 956 721 1021 proconsulibus
736 955 825 1003 sortito
835 954 968 1021 permisit¹
990 965 1015 1002 et

247 1038 336 1075 tamen
345 1018 483 1072 nonnullas
490 1021 808 1074 commutavitinterdum:
819 1034 895 1087 atque
902 1038 936 1071 ex
943 1032 1016 1071 utro-

247 1106 298 1155 que
309 1088 403 1155 genere
413 1090 547 1156 plerasque
557 1088 658 1155 saepius
670 1088 741 1138 adiit·
760 1075 874 1139 lVrbium
884 1088 1017 1153 quasdam

247 1157 401 1220 foederatas,
422 1156 468 1206 sed
477 1154 511 1206 ad
521 1157 629 1205 exitium
639 1155 742 1204 licentia
752 1153 912 1221 praecipites,
934 1153 1020 1204 liber-

175 1270 178 1276 .
247 1236 298 1274 tate
307 1225 430 1292 privarit,
451 1225 519 1283 alias,
539 1235 584 1272 ant
592 1238 648 1271 aere
658 1223 742 1271 alieno
752 1222 898 1272 laborantes
909 1222 1021 1282 levavit,

248 1304 292 1341 aut
302 1305 384 1341 terrae
395 1302 468 1339 motu
479 1290 613 1340 subversas
624 1289 711 1339 denuo
721 1287 845 1350 condidit,
865 1301 911 1338 aut
920 1290 1022 1338 merita

162 1374 166 1389 ¹
248 1373 308 1425 erga
318 1360 445 1423 populum
454 1358 602 1407 Romanum
611 1358 760 1421 allegantes,
772 1355 962 1415 Latinitateyel
985 1358 1022 1405 ci·

248 1428 325 1477 ritate
338 1422 449 1474 donavit.
471 1424 527 1473 Nec
536 1435 581 1483 est,
592 1436 622 1473 ut
630 1426 732 1489 opinor,
742 1420 888 1490 prouincia,
909 1435 1020 1489 excepta

248 1492 371 1541 duntaxat
378 1489 468 1541 Africa
478 1504 503 1540 et
513 1489 640 1551 Sardinia,
650 1507 729 1556 quam
738 1508 791 1539 non
799 1491 900 1539 adierit.
917 1490 950 1538 In
961 1489 1021 1549 has,

248 1561 336 1625 fugato
347 1558 423 1607 Sexto
433 1556 572 1627 Pompeio,
580 1558 698 1614 ,traiIcere
708 1574 740 1607 ex
749 1556 837 1607 Sicilia
846 1568 1020 1623 apparantem

215 1654 217 1658 ,
248 1630 383 1677 continuae
394 1638 419 1675 et
429 1626 583 1675 immodicae
593 1635 755 1690 tempestates
764 1623 945 1687 inhibuerunt,
957 1640 1019 1687 ⁸uec

248 1700 310 1745 naox'
321 1696 430 1754 occasio,
441 1706 485 1742 aut
495 1710 580 1742 caussa
591 1689 733 1741 traiiciendi
743 1691 803 1741 suit.

299 1760 423 1811 XLVIII.
435 1762 529 1825 Regna,
536 1758 702 1824 quibus-belli
712 1761 768 1821 iure
777 1758 874 1824 potitus
886 1767 935 1818 eat,
942 1774 1021 1824 prae·

248 1839 287 1894 ter
298 1844 386 1895 pauca,
397 1838 441 1875 aut
451 1825 550 1884 iisdem,
570 1826 664 1891 quibus
673 1824 812 1887 ademerat,
822 1823 953 1883 reddidit,
975 1836 1022 1873 aut

249 1894 399 1960 alienigenis
411 1893 559 1944 contribuit.
573 1896 653 1959 Reges
663 1894 746 1943 socios
756 1892 833 1941 etiam
844 1892 912 1939 inter
922 1906 1024 1944 semet-

251 1962 317 2028 ipioa
328 1958 558 2010 necessitudinibus
564 1962 661 2009 mutuis
667 1961 759 2018 iunxit,
764 1958 977 2025 promptissimus
983 1960 1024 2007 as-

251 2027 350 2078 finitatis
363 2028 485 2091 citiusque
496 2039 572 2091 atque
583 2029 708 2077 amicitiae
717 2026 874 2086 conciliator,
881 2037 908 2074 et
917 2025 1020 2076 fautor:

248 2111 297 2143 nec
306 2096 378 2144 aliter
387 2095 531 2155 universos,
548 2111 626 2160 quam
636 2093 767 2154 membra,
786 2103 922 2159 partesque
932 2092 1021 2159 impe·

248 2163 289 2223 rii,
309 2174 383 2212 curae
403 2159 506 2214 babuit:
517 2166 651 2212 'rectorem
665 2178 769 2225 quoque
783 2160 873 2208 solitus
882 2166 1020 2225 apponere

249 2240 327 2278 aetate
338 2230 424 2295 parvis
434 2244 463 2279 ac
472 2241 561 2279 mente
569 2229 657 2294 lapsis,
677 2227 761 2276 donec
774 2224 957 2277 adolescerent
973 2237 1021 2276 aut

186 2320 192 2325 -
248 2297 438 2363 resipiscerent;
459 2312 489 2345 ac
497 2298 672 2362 plurimorum
690 2294 784 2344 liberos
803 2304 830 2343 et
848 2292 974 2344 educarit
982 2296 1021 2343 si·

248 2364 304 2413 mul
314 2380 375 2413 cum
385 2365 437 2413 ouis
448 2374 474 2412 et
483 2365 604 2413 instituit.
831 2380 841 2387 ·

298 2430 394 2481 XLIX.
414 2432 453 2480 Ex
462 2431 616 2481 militaribus
627 2430 706 2496 copiis
720 2429 852 2495 legiones,¹
871 2438 898 2478 et
919 2426 1021 2479 auxilia

186 2560 189 2567 1
266 2498 431 2550 rovinciatim
446 2496 590 2548 distribuit:
609 2499 716 2550 classem
730 2497 839 2558 Miseni,
859 2505 887 2543 et
903 2497 1024 2547 alteram

248 2518 394 2628 Ravennae,
400 2564 434 2616 ad
444 2566 554 2617 tutelam
563 2566 651 2631 superi
659 2576 685 2613 et
695 2562 858 2613 interimatis
868 2562 1024 2614 eolloeuic

248 2633 358 2685 Certum
368 2648 506 2683 numerum
515 2632 646 2697 partimin
655 2630 734 2692 urbis,
740 2632 836 2696 partim
845 2631 874 2679 in
883 2629 1026 2680 suieuato-

249 2700 321 2752 diuo
331 2702 432 2767 allegit:
443 2696 548 2793 dimissa
557 2697 814 2766 Calagurritanorum
823 2713 914 2760 manu,
934 2713 1023 2764 quam

735 2817 747 2839 ἱ
