2092 3059
293 229 579 317 ‘Ocutvlvu
660 241 701 268 '·
796 241 833 305 π

64 336 198 399 salutavit,
209 350 234 389 et
243 336 351 407 quidem
360 340 487 408 sedentes,
507 359 536 394 ac
545 340 834 409 nominato-iugulos,

2 420 6 427 '
65 408 142 465 nullo
154 407 336 459 submonente:
346 411 423 459 ettam
433 410 567 461 discedens
577 410 669 461 eodem
679 411 773 475 modo,
793 427 834 460 se-

66 472 190 524 dentibus
201 476 318 542 singulis,
341 478 426 527 valere
436 476 545 530 dicebat.
571 478 661 529 Officia
671 495 732 529 cum
740 478 832 529 multis

67 551 162 591 mutuo
173 544 297 593 exercuit:
307 559 355 593 nec
364 545 436 611 prius
447 546 501 596 dies
511 547 636 611 cuiusque
651 548 771 596 solennes
780 548 833 595 fre·

68 620 193 675 qneutnre
203 608 291 673 desiit,
311 628 391 675 quam
401 611 524 678 grandior
532 615 586 663 iam
599 623 675 673 ntus,
684 623 710 661 st
720 615 748 663 in
757 612 832 664 turbs

65 676 206 743 quondam,
217 678 404 743 sponsaliorum
414 678 463 737 die,
482 674 598 729 scitatus·
627 679 736 731 Gallum
745 681 834 730 Terri-

63 742 150 803 nium,
160 756 314 806 senatorem,
333 747 420 799 minus
432 746 481 797 sibi
491 746 654 807 familiarem,
673 745 719 795 sed
728 758 833 813 captum

63 822 173 877 repente
183 814 274 873 oculis,
281 824 306 863 et
314 812 348 863 ob
359 812 387 863 id
396 812 483 863 inedia
491 815 561 865 mori
571 812 753 878 destinantem,
757 830 833 883 prse-

63 878 471 932 seusconsolsudorevocsritad
482 883 573 933 vitam.
892 934 897 941 ,

116 944 188 997 LIV.
201 946 232 996 In
243 947 340 999 Senatu
350 948 427 999 verba
436 948 540 999 facienti
549 947 707 1013 dictumest,
717 949 779 999 Non
790 948 834 998 in·
861 998 868 1007 ,

64 1010 160 1063 tellexi
166 1032 174 1061 .·
185 1024 211 1063 et
219 1014 251 1063 ab
260 1016 320 1077 slio,
331 1016 541 1085 contradicerem
549 1015 609 1079 tibi,
622 1018 649 1067 si
657 1013 744 1067 locum
752 1014 834 1079 habe:

64 1096 132 1133 rem·
160 1079 310 1144 Interdum,
330 1084 363 1134 ob
382 1080 534 1135 immodicas
553 1086 729 1133 altereationes
748 1082 833 1133 disce·
857 1127 866 1135 .

64 1145 209 1216 ptantinm,
225 1165 238 1197 e
249 1149 319 1199 curia
329 1168 375 1217 per
384 1151 451 1201 iram
459 1166 486 1201 se
496 1152 662 1217 proripienti,
672 1147 780 1216 quidam
791 1152 833 1200 in·

63 1226 219 1332 pesuerunt,
228 1216 455 1335 Licerfflortsre
465 1216 636 1269 senatoribus
646 1216 677 1267 δι’
683 1214 832 1283 Republica

77 1282 150 1350 oqui.
171 1280 295 1333 Antistius
361 1301 401 1343 eo,
412 1286 523 1335 Senatus
535 1286 658 1347 lectione,
669 1300 732 1335 uum
742 1286 783 1335 sir
792 1286 832 1335 vi·

64 1348 292 1412 contegeretur.
304 1348 441 1417 Lepidum,
462 1352 714 1413 hostemoiimeius,
735 1363 760 1401 et
769 1363 832 1401 tunc

65 1416 234 1479 exstriautem,
254 1415 330 1483 legit:
350 1419 616 1485 interrogatusqueub
634 1436 678 1470 eo:
693 1436 731 1470 au
740 1428 832 1471 essent

64 1482 117 1535 olii
127 1482 277 1552 digniores:
298 1486 516 1551 unumquemque
527 1486 655 1537 iudicium
665 1485 771 1547 habers,
790 1502 833 1535 ro-

63 1550 181 1619 spondit..
211 1549 266 1602 Nec
274 1550 334 1603 ideo
344 1552 447 1603 libertas
458 1564 504 1603 sut
514 1552 672 1603 contumuit
681 1554 768 1605 naudi
777 1554 832 1603 cui-
871 1577 875 1583 v

63 1617 214 1686 qfflnsuits

114 1684 176 1736 Lv.
188 1685 282 1735 nuum
291 1702 393 1753 sparsos
402 1683 435 1735 de
445 1702 471 1736 se
482 1685 591 1736 incuria
606 1685 717 1736 famosos
726 1684 832 1735 libellos

64 1768 115 1803 trec
127 1749 237 1817 caparis,
246 1770 295 1803 uec
303 1770 399 1819 magus
409 1769 469 1803 curn
478 1753 624 1817 redarguit:
643 1769 681 1815 ac,
702 1770 735 1803 ns
745 1754 834 1820 requi·

63 1817 834 1953 iiiqssffifflbtiiiuffitttttitssiib‘t‘

334 1925 340 1950 ,
819 1913 833 1927 .
890 1919 897 1927 .

65 1955 147 2005 mium
158 1956 303 2020 cuiuspiam
312 1954 361 2003 snb
372 1954 456 2007 alieno
467 1956 573 2007 nomine
584 1950 668 2005 edant.
819 2018 823 2021 ι

116 2020 188 2071 LVI.
199 2021 265 2079 Iocis
276 2038 379 2087 quoquc
388 2020 553 2086 ¹quorundam
562 2019 694 2076 invidiosis
705 2034 749 2072 sut
757 2033 834 2089 petu·
883 2045 890 2052 ·

64 2088 180 2140 lantibus
189 2088 330 2151 lacessitus,
350 2088 505 2139 contradixit
515 2088 610 2138 edicto·
638 2090 673 2137 Et
681 2100 777 2153 tamen,
799 2084 832 2139 dt
896 2116 902 2123 »

64 2154 208 2207 inhibenda
217 2165 429 2205 testamentorum
439 2154 556 2215 licentia,
577 2154 736 2205 neSeustus
756 2154 832 2221 quid-

65 2238 146 2290 quam
157 2224 328 2286 constitueret,
338 2220 488 2272 intercessit.
518 2222 625 2287 Quoties
634 2224 832 2288 magistratuum

65 2292 181 2343 comitiis
190 2290 326 2352 interesset,
348 2288 429 2339 tribus
444 2305 505 2339 cum
519 2285 660 2338 candidatis
674 2290 728 2339 suis
742 2290 833 2340 circui-
864 2350 867 2353 Α
936 2320 938 2324 .
1026 2312 1037 2322 -·

64 2357 118 2419 bat,
130 2356 341 2423 supplicabatque
353 2372 424 2406 more
434 2356 543 2407 solenni·
561 2353 670 2405 Ferebat
679 2368 705 2407 et
715 2358 770 2426 ipse
778 2358 834 2429 suf-
935 2378 946 2389 ,

64 2426 181 2491 ungium
190 2421 217 2473 iu
227 2422 358 2487 tribubus,
378 2435 406 2472 ut
415 2440 483 2473 unus
495 2423 624 2491 epopulo.
650 2422 753 2474 Testem
765 2442 791 2473 se
803 2428 832 2475 iu

65 2492 169 2544 iudiciis
180 2502 206 2541 et
215 2484 368 2557 interrogari
378 2503 405 2540 et
413 2491 506 2551 refelli,
526 2483 680 2557 aequissimo
690 2488 777 2541 animo
786 2509 831 2557 pa-

66 2560 190 2611 tiebatur.
204 2558 304 2609 rorum
313 2560 445 2625 angustius
455 2559 521 2623 iecit,
532 2575 585 2608 non
595 2574 670 2608 ausus
681 2568 836 2621 extorquere·

66 2624 255 2695 possessoribus
264 2628 394 2693 proximas
404 2624 505 2680 domos.
534 2624 686 2690 Numquam
695 2625 761 2672 filios
771 2628 831 2671 snos

67 2696 166 2763 populo
177 2692 379 2757 commendavit,
399 2705 490 2744 utnon
499 2690 629 2744 adiiceret:
649 2690 680 2740 u·
689 2687 830 2740 merebun-

68 2770 122 2815 tur.
143 2760 259 2825 Eisdem,
267 2762 429 2830 praetextatis
438 2760 532 2826 adhuc,
552 2755 830 2810 tssunectumabuni·
