2092 3059
783 51 790 61 ,
809 19 816 56 l

197 185 244 259 :g
290 165 568 235 'occavtvs
701 233 705 239 ,
784 170 825 246 91

53 277 222 351 provenisset
242 282 385 332 ostentum.'
408 279 495 349 Atque
515 286 595 334 etiam
614 280 730 350 sequenti
750 298 824 336 nocte

50 351 144 402 statim
155 350 243 400 tidere
253 353 325 400 visus
340 360 376 398 est
390 351 474 401 filium
489 353 594 402 mortali
614 353 696 418 specie
716 345 824 418 arnplio-
885 415 889 418 Β

50 435 114 468 rem
126 433 190 465 cum
199 417 311 466 fulmine
324 430 349 466 et
358 429 457 484 sceptro
472 421 619 484 exuviisque
638 418 707 470 Iovis
722 418 823 486 Optimi
838 418 841 425 ’
861 451 864 458 ,

50 484 168 546 Maximi
178 499 207 532 ao
216 483 311 534 radiata
324 501 506 551 corona,super
515 486 658 536 laureatum
669 503 773 535 cttrrum
783 486 823 534 bis

50 551 126 600 senis
136 551 211 614 equis
220 549 330 599 candore
342 553 436 600 eximio
445 551 614 602 trahentibus.
633 553 719 602 Infans
730 552 825 615 adhuc,¹
893 607 898 614 ι

51 629 85 666 ut
94 615 223 682 scriptum
234 618 303 684 apud
313 617 343 667 C.
354 618 472 670 Drusum
482 630 563 680 extat,
582 620 707 684 repositus
717 635 835 686 vespere

50 686 82 735 in
93 691 176 732 cunas
186 703 200 733 a
210 686 337 734 nutricula
346 685 491 751 loco-planu
498 697 612 750 ‚postera
623 687 681 734 luce
690 699 742 734 nun
753 701 823 735 com·

10 805 18 817 ,
51 754 153 819 paruit,
159 763 185 799 et
194 751 239 800 diu
248 753 376 823 quaesitus
386 751 491 800 tandem
500 750 527 800 iu
538 754 660 812 altissima
667 754 824 821 turrireper·

52 830 99 867 tus
110 827 164 880 est,
183 817 266 867 iacens
276 829 363 868 contra
373 819 432 868 solis
443 829 570 870 exortum.
599 821 692 886 Quum
707 821 824 886 primum

52 883 108 936 tari
128 887 266 951 coepisset,
286 886 314 933 in
330 887 398 936 avito
413 886 562 937 suburbano
572 886 748 954 obstrepentes
759 887 823 936 forte

867 282 879 304 ἱ

54 967 136 1005 sanas
145 953 220 1000 silere
230 953 316 1004 iussitt
327 966 401 1019 atque
412 970 443 1003 ex
454 970 485 1002 eo
495 967 622 1020 negantur
632 955 708 1004 ranae
719 953 756 1002 ibi
766 970 825 1004 coa·
875 992 879 998 .

53 1035 129 1069 xare.
148 1015 191 1067 Ad
201 1030 321 1084 quartum
330 1022 444 1087 lapidem
455 1020 601 1088 Campanae
612 1022 666 1072 viae
678 1023 706 1070 in
716 1034 823 1071 nemore
885 1048 888 1056 2
949 1063 953 1070 .

54 1084 213 1153 prandenti,
233 1085 411 1152 eximproviso
422 1091 506 1153 aquila
515 1103 610 1155 patrem
620 1092 643 1139 ei
660 1105 673 1137 e
689 1105 769 1139 manu
783 1105 824 1139 ra·

7 1188 14 1196 .
55 1152 124 1219 puis,
136 1164 171 1211 et,
183 1169 265 1217 quum
274 1155 398 1203 alussime
407 1156 538 1217 evolasset,
546 1171 634 1204 rursus
645 1171 674 1204 ex
685 1155 720 1204 im
740 1157 824 1205 roviso

57 1219 156 1268 leniter
166 1219 403 1286 delapsareddidit.
434 1223 467 1287 Q.
478 1221 586 1273 Catulus
602 1235 660 1290 post
676 1173 825 1272 dedicatum

60 1285 225 1352 Capitolium
234 1287 334 1337 duabus
344 1289 471 1337 continuis
481 1291 599 1339 noctibus
610 1287 753 1348 somniavit,
772 1285 825 1355 pr't-

57 1370 101 1404 tna
112 1353 201 1403 lovem
211 1352 246 1402 0.
261 1352 314 1417 M„
325 1371 339 1403 e
349 1357 508 1421 praetextatis
519 1355 705 1424 ‘compluribus
725 1357 824 1406 circum

58 1428 132 1470 aiam
143 1419 299 1480 ludentibus,
309 1439 394 1471 unum
402 1425 540 1472 secrevisse
550 1435 624 1488 atque
635 1423 726 1478 ineius
736 1423 824 1473 sinum

37 1522 41 1527 -
57 1488 167 1552 signum
176 1486 350 1554 Reipublicae,
361 1487 431 1553 quod
440 1506 520 1538 manu
531 1501 653 1556 gestaret,
668 1490 824 1556 reposuisse.

56 1553 92 1604 At
101 1551 129 1602 in
141 1555 267 1618 sequenti,
277 1557 487 1606 animadvertisse
496 1572 524 1604 se
534 1557 560 1604 iu
578 1557 675 1620 gremio
686 1555 826 1622 Capitolini

58 1618 128 1672 Iovis
140 1620 255 1670 eunde‘m
265 1639 391 1688 puerum:
410 1639 489 1688 quem
505 1639 587 1688 quum
598 1621 697 1672 detrahi
707 1622 825 1682 irusiuet,
837 1635 839 1642 ·

61 1687 227 1755 prohibitum
236 1691 339 1739 monitu
348 1691 410 1751 Dei,
429 1701 561 1754 tamquam
575 1692 596 1740 is
607 1687 640 1744 ad
649 1691 756 1738 tutelam
766 1687 827 1739 Rei·

61 1744 183 1822 publicae
194 1756 355 1806 educaretur.
374 1755 412 1806 Ac
422 1756 464 1807 die
473 1749 591 1822 proxitho
602 1755 708 1807 obvium
718 1753 826 1807 aibiAu·

60 1833 176 1888 gustum,
187 1839 270 1886 quum
280 1825 441 1890 incognitum
451 1827 514 1873 alias
524 1824 635 1886 haberet,
650 1841 702 1873 non
712 1826 767 1873 sine
779 1823 826 1874 sd·

60 1889 200 1938 miratione
211 1889 337 1938 contuitus
346 1888 514 1942 simillimum
529 1889 593 1939 dixit
612 1907 700 1956 puero,
720 1888 752 1938 <le
772 1905 825 1956 quo

59 1957 224 2005 somniasset.
254 1955 371 2022 Quidam
380 1961 453 2024 prins
461 1959 593 2008 somnium
603 1959 687 2008 Catuli
698 1957 772 2007 aliter
782 1973 825 2006 ex·
873 1975 875 1978 ’
899 1977 907 1982 “

39 2045 48 2057 1
60 2035 170 2089 ponunt,
190 2025 263 2088 quasi
273 2024 384 2090 iupiter,
405 2025 581 2091 compluribus
592 2027 748 2092 praetextatis
757 2035 826 2074 tuto-

59 2105 118 2139 rem
127 2109 141 2139 a
151 2107 178 2139 se
187 2089 362 2156 poscentibus,
382 2107 465 2160 nuum
480 2108 510 2140 ex
520 2091 558 2140 eis
567 2091 769 2150 demonstrasset,
790 2089 823 2142 ad

58 2173 142 2222 quem
155 2158 243 2206 omnia
254 2155 378 2206 desideria
392 2173 434 2209 sua
444 2157 578 2218 referrent,
590 2161 694 2223 eiusque
706 2160 823 2208 osculum

58 2223 205 2273 delibatum
214 2223 302 2288 digitis
312 2225 345 2273 ad
355 2241 382 2273 os
392 2224 470 2273 s'uum
479 2214 614 2278 retulisset.
635 2227 673 2275 M.
685 2225 783 2284 Cicero,
790 2224 822 2275 C.
869 2250 875 2257 ·

59 2289 197 2341 Caesarem
206 2290 233 2338 in
244 2289 402 2356 Capitolium
411 2305 575 2356 prosecutus,
594 2293 726 2342 somnium
736 2292 824 2360 pristi-¹

59 2357 387 2407 naenoctis.iamiliaril›ns
401 2359 610 2408 forte‘narrabat:
648 2375 741 2410 uerttm
760 2359 822 2408 facie

57 2423 162 2473 liberali
173 2423 318 2473 demissum
328 2443 342 2474 e
351 2426 422 2473 ooelo
433 2437 520 2473 catena
527 2377 646 2474 attreaael

58 2558 131 2619 inde,
143 2570 248 2630 repente
255 2555 371 2624 Angusto
381 2560 444 2618 tiso,
455 2575 535 2623 quem
544 2560 662 2623 ignotum
672 2555 758 2610 adhuc
767 2557 823 2621 ple-

59 2623 148 2690 risque
161 2624 304 2674 avunculus
316 2626 407 2675 &aar
423 2624 455 2675 ad
475 2623 671 2674 notificandum
691 2624 823 2682 acciverat,

62 2688 213 2756 affirmavit,
231 2691 318 2759 ipsum
328 2709 396 2757 esse,
416 2692 487 2741 cuius
497 2693 584 2756 imago
599 2687 742 2739 secundum
752 2685 824 2763 quie·

646 2425 824 2492 soresCapitw
876 2425 896 2464 η’

58 2490 88 2541 lii
97 2491 255 2557 constitisse,
277 2494 352 2556 eique
361 2492 452 2542 Iovem
467 2493 600 2556 flagellum
611 2493 757 2549 tradidisse:
779 2491 824 2540 de·
848 2531 850 2534 .
