2092 3059
286 137 559 262 oculu-trs,
761 191 796 250 ⁶7

31 275 334 349 commendatisque,‘qui
345 300 418 335 suam
428 286 511 335 ricem
526 274 695 353 praesidendo
705 285 797 353 iunge-

29 360 134 398 rentur.
168 348 266 399 Verum
277 352 375 416 quoties
385 353 496 416 adesset,
515 354 581 404 nihil
597 365 726 421 praeterea
736 370 796 419 age·

29 418 87 467 bat:
97 430 144 464 seu
154 414 251 467 vitandi
261 419 371 467 rumoris
381 435 475 484 cauam,
504 438 539 471 uo
549 417 649 489 patrem
659 420 796 471 Gaesarem

5 540 6 545 ¹
29 484 112 548 vulgo
122 483 309 549 reprehensum
319 438 535 538 commemorabat
568 487 639 553 qnod
655 490 722 537 inter
736 504 795 555 spe·
819 533 822 539 r

5 552 7 587 ?
31 551 157 600 standum
168 552 279 615 epistolis
288 552 435 618 libellisque
449 525 567 621 legendis
576 566 620 605 aut
629 553 794 604 rescribendis

31 628 143 667 vacaret:
164 634 209 666 seu
218 620 305 668 studio
316 619 447 684 spectandi
456 638 486 669 ac
496 621 632 687 voluptate,
652 638 704 685 qua
712 622 797 669 teneri·

30 700 57 733 se
67 700 153 748 neque
166 682 339 735 dissimulavit
348 702 474 751 umquam
484 698 509 736 et
518 704 592 753 saepe
609 689 720 753 ingenue
735 702 796 752 pro·

29 751 112 800 fessus
123 762 170 799 est.
191 751 280 816 ltaque
290 752 421 801 corollaria
431 763 455 800 et
465 755 584 819 praemia,
594 755 623 817 iu
632 753 721 803 alienia
731 768 795 818 quo-

31 834 82 881 que
87 817 242 867 muneribus
254 834 282 867 ac
291 817 370 880 ludia,
378 828 402 866 et
412 818 498 867 crebra
509 817 656 884 etgrandia,
663 816 695 870 de
705 818 797 876 suoci-

31 884 148 933 ferebat:
160 885 278 949 nullique
289 884 389 935 Graeco
398 885 530 939 certamini
540 886 662 946 interfuit,
673 900 725 951 quo
735 902 797 947 non,
807 915 810 921 ι

31 969 78 1018 pro
89 954 182 1001 merito
193 954 354 1011 certantium,
365 967 494 1017 quemque
503 951 645 1019 hqnorsrit.
667 950 798 1018 spectavit

31 1029 120 1067 autem
127 1015 314 1067 studiosissime
323 1018 432 1084 pugiles,
452 1027 477 1066 et
487 1018 598 1073 maxime
607 1018 724 1082 latinos,
743 1035 797 1068 non

31 1085 163 1151 legitimos
173 1094 248 1149 atque
258 1084 402 1133 ordinarios
412 1082 504 1144 modo,
515 1101 580 1150 quos
590 1085 668 1135 etiam
677 1085 798 1133 commit·
835 1110 838 1113 ·

31 1164 87 1201 tere
97 1166 157 1199 cum
165 1150 269 1201 Graecis
279 1150 383 1209 solebat,
395 1149 440 1200 sed
451 1162 476 1200 et
484 1148 635 1201 catenarius
645 1149 795 1218 oppidanos,

31 1220 98 1267 inter
117 1220 248 1283 angustias
268 1219 385 1267 vicorum
404 1228 561 1284 pugnantes,
580 1225 675 1265 tamem
694 1231 724 1267 ao
741 1218 797 1267 siue

31 1298 94 1335 arte.
111 1286 272 1337 Vniversum
282 1283 393 1350 denique
405 1300 493 1351 genus,
504 1299 594 1350 operas
603 1285 702 1349 aliquas
710 1282 797 1351 publi·
813 1300 820 1307 ·

31 1368 62 1401 co
72 1353 217 1418 spectaculo
228 1352 421 1418 praebentium,
443 1349 520 1401 etiam
535 1367 595 1400 cura
609 1366 656 1400 sata
676 1350 797 1417 dignatus

33 1429 82 1469 est.
111 1416 224 1467 Athletis
234 1432 259 1469 et
274 1420 436 1470 conservarit
454 1416 590 1485 privilegia
610 1428 635 1466 et
654 1419 796 1499 ampliauit.

34 1482 200 1539 Gladiatores
209 1488 264 1535 siue
273 1478 396 1534 missione
408 1484 449 1534 edi
459 1484 600 1551 prohibuit.
611 1482 799 1534 coercitionem
889 1511 893 1517 ·
903 1485 906 1490 '

34 1558 61 1604 iu
75 1552 210 1601 histriones
220 1550 411 1616 magistratibus
429 1553 457 1599 in
473 1550 545 1599 omui
563 1560 678 1616 tempore
697 1560 722 1598 et
742 1551 800 1599 loco

33 1622 94 1683 lege
105 1628 188 1677 vetere
200 1620 351 1684 permissam
361 1618 470 1681 ademit,
490 1626 670 1682 praeterquam
684 1614 754 1664 ludia
775 1623 813 1670 et‘

35 1704 123 1737 scena.
153 1682 207 1733 Nec
216 1697 302 1735 tamen
313 1700 343 1734 eo
353 1686 440 1735 minus
456 1696 500 1733 aut
512 1681 668 1750 xysticorum
685 1685 800 1733 certatio-

35 1770 84 1803 nes
94 1762 139 1803 aut
148 1751 320 1817 gladiatorum
329 1768 429 1818 pugnas
446 1752 606 1802 severissime
621 1765 724 1817 semper
742 1765 800 1799 exe-

35 1823 84 1885 git.
114 1818 181 1868 Nam
192 1818 349 1869 histrionum
363 1820 493 1869 licentiam
507 1816 571 1868 adeo
586 1819 749 1883 compescuit,
771 1828 800 1865 ut

35 1884 244 1954 Stephanionem
263 1888 429 1953 togatariam,
450 1889 491 1935 oui
506 1886 534 1934 in
543 1884 672 1950 puerilem
682 1882 799 1934 habitum

35 1955 236 2002 circumtonsam
247 1964 390 2002 matronam
401 1952 556 2001 ministrasse
566 1962 732 2015 compererat,
751 1964 799 2021 per

36 2022 107 2070 trina
117 2020 213 2069 theatra
225 2022 305 2085 virgis
314 2034 430 2078 caesum,
448 2019 613 2083 relegaverit3
631 2016 728 2085 Hylam
736 2036 799 2085 pan·
851 2038 857 2047 ,

35 2089 191 2148 tomimum,
212 2096 334 2151 querente
354 2096 481 2152 praetore,
501 2087 530 2134 in
546 2085 609 2135 atrio
624 2083 717 2133 domus
731 2100 799 2142 anae,

34 2156 140 2204 nemine
154 2154 263 2219 excluso,
278 2152 385 2217 flagellis
395 2152 547 2217 verberarit,
566 2162 593 2201 et
601 2148 727 2218 Pyladem
735 2151 800 2201 urbs

33 2234 114 2286 atque
124 2220 198 2268 Italia
207 2220 375 2283 submoverit,
387 2218 457 2285 quod
466 2222 642 2285 spectatorem,
649 2236 664 2268 a
672 2234 725 2284 quo
736 2221 800 2268 ersi·

5 2302 6 2349 ζ
26 2280 799 2353 bilabatur,demonstrassetdigitoconspicttumquefecisset.
826 2286 844 2323 ³

84 2351 184 2405 XLVI.
205 2352 247 2403 Ad
262 2354 333 2403 hunc
348 2352 457 2403 modum
472 2354 538 2402 urbe
552 2352 708 2419 urbanisque
722 2352 800 2402 rebus
875 2366 878 2369 ’

34 2422 232 2483 administratis,
251 2422 352 2471 ltaliam
368 2420 562 2488 duodetriginta
576 2420 735 2469 coloniarum
750 2435 800 2468 nu-

34 2504 121 2550 mero,
143 2485 314 2537 deductarum
324 2487 355 2536 ab
366 2504 406 2548 se,
427 2487 619 2554 frcqssentarit,'
628 2486 799 2553 operibusque

34 2554 243 2618 screatigalibus
258 2554 367 2621 pubhcis
387 2556 550 2621 plurifariam
569 2556 700 2604 instruxit:
719 2555 797 2600 etiarn

34 2622 90 2672 iure
100 2640 130 2673 ao
140 2620 290 2689 dignatione
301 2621 373 2681 urbi,
394 2622 507 2686 quodam
527 2618 607 2670 modo
616 2636 663 2686 pro
671 2629 742 2683 parte
752 2617 800 2665 ali·

37 2705 95 2755 qua,
106 2688 273 2755 adaequavit:
286 2688 426 2757 excogitato
435 2687 800 2796 generetuffrpgiornmfflnss.

505 2778 507 2781 ·
601 2781 609 2795 .
622 2766 638 2797 2
