2092 3059
289 150 573 238 coramve.
662 139 694 204 T
787 146 842 251 'ts

56 278 250 334 immortalibus
261 282 824 357 honoremmemoriaeducum‘praestitir,qni

55 352 200 417 imperium
208 353 299 419 populi
308 352 413 405 Romani
423 369 453 403 ex
463 352 574 404 minimo
583 358 728 407 maximum
737 356 824 407 reddi·

55 418 165 469 dissent.
185 416 274 485 Itaque
285 431 311 471 et
321 437 397 487 opera
407 420 538 488 cuiusque,
558 424 723 473 manentibus
735 426 823 485 titulis,
839 444 842 453 ·

54 486 183 533 restitnit:
205 497 230 535 et
248 498 341 537 statuas
361 486 493 547 omnium,
513 490 665 556 triumphali
686 489 776 558 effigie,
795 494 823 544 iu

54 563 166 618 utraque
178 552 239 602 Fori
249 556 289 603 sui
298 555 408 623 porticu,
428 551 581 615 dedicarit,
590 556 720 621 professus
731 557 823 620 edicto,

54 620 367 682 commurmurant,
387 620 494 671 illorum
503 621 578 671 velut
587 622 626 671 ad
632 624 775 693 exemplar,
795 633 823 675 et
850 662 853 669 -

54 687 122 753 ipsu
144 686 205 737 dum
215 688 324 751 uiueret,
344 697 372 737 et
381 688 578 755 insequentium
587 696 711 739 aetatum
716 692 822 756 princi-

50 770 101 821 pes
111 754 285 823 exigerentur
295 771 314 805 a
323 752 432 805 civibus.
463 754 581 821 Pompeii
590 770 693 820 quoque
705 768 822 821 statuam,

52 832 143 871 contra
154 822 245 871 theatri
256 826 310 872 eius
317 824 423 889 regiam,
430 835 574 871 marmoreo
581 819 645 871 Iano
651 824 822 891 superposuit,
862 859 869 863 -

53 886 209 938 translatam
219 905 233 937 e
244 890 327 952 curia,
338 889 365 937 in
376 906 426 954 qua
436 885 468 937 C.
479 887 571 937 Caesar
580 887 665 940 luerat
672 892 778 942 occisus.

105 952 218 1005 XXXII.
238 954 363 1022 Pleraque
373 954 478 1023 pessimi
488 956 598 1021 exempli
608 957 724 1017 correxit,
747 975 821 1025 quae,

8 1086 9 1089 Ἴ
52 1021 80 1073 in
92 1026 236 1089 perniciem
245 1023 389 1090 publicam,
409 1033 454 1073 aut
468 1039 499 1071 ex
509 1022 695 1075 consuetudine
706 1026 823 1077 licentia·

51 1108 104 1157 que
115 1088 246 1141 bellorum
256 1090 375 1140 civilium
381 1088 543 1152 duraverant,
549 1101 593 1139 aut
598 1105 740 1157 perpacem
745 1094 823 1143 etiam

50 1156 215 1220 exstiterant.
234 1157 302 1207 Nam
312 1168 336 1205 et
346 1170 517 1223 grassatorum
527 1157 636 1223 plurimi
651 1160 738 1225 palam
747 1176 774 1209 se
784 1160 822 1209 se·

7 1208 160 1289 flebant,
180 1224 299 1280 succincti
310 1224 389 1287 ferro,
410 1224 481 1291 quasi
500 1223 590 1273 tuendi
604 1224 646 1274 sni
666 1228 764 1275 caussa:
797 1238 843 1278 et.
999 1288 1002 1294 ι

48 1293 122 1359 rapti
132 1308 181 1359 per
191 1309 265 1357 agros
277 1289 383 1353 viatores
393 1292 447 1341 sine
458 1290 617 1350 discrimine,
633 1291 720 1357 liberi,
741 1294 823 1343 servi·
910 1338 913 1341 ,

49 1376 121 1425 que,
132 1358 269 1424 ergastulis
278 1374 453 1425 possessorum
465 1356 707 1425 supprimebantur:
727 1372 753 1410 et
761 1361 822 1427 pln-

49 1428 136 1476 rimae
156 1426 292 1489 sactioncs,
312 1426 388 1476 titulo
404 1426 506 1491 collegii
519 1426 596 1486 nori,
617 1425 757 1483 adnullius
768 1446 821 1478 uon

50 1491 173 1545 facinoris
183 1494 329 1544 societatem
344 1492 455 1544 coibant.
484 1493 568 1559 Igitur
583 1505 748 1559 grassatores,
768 1493 821 1543 dis-

8 1566 9 1569 ’
50 1558 144 1627 positis
154 1577 202 1626 per
212 1571 354 1627 opportuna
364 1560 419 1610 loca
430 1558 595 1622 emtionibus,
610 1559 737 1609 inhibuit:
748 1578 820 1627 erga·

50 1628 121 1687 stula
134 1628 295 1693 recognovit:
313 1626 427 1693 collegia,
438 1637 538 1692 praeter
548 1626 652 1689 antiqua
661 1639 688 1675 et
696 1628 819 1691 legitima,

50 1694 182 1744 dissoluit:
194 1693 293 1748 tabulas
303 1706 421 1745 ueterum
431 1694 521 1743 aerarii
531 1689 686 1755 debitorum,
693 1694 735 1742 vel
746 1710 820 1760 praee

50 1764 159 1828 cipnam
168 1760 344 1812 calumniandi
353 1760 495 1820 materiam,
506 1758 626 1809 excussit.
637 1760 705 1809 Loca
717 1761 745 1809 in
755 1760 820 1809 urbe

50 1828 170 1895 publica,
201 1830 265 1879 iuris
283 1828 414 1892 ambigui,
443 1826 629 1895 possessoribus
655 1825 819 1878 adiudicavit.

50 1896 246 1961 Diuturnorunr
265 1912 378 1957 reorum,
399 1907 424 1945 et
443 1913 474 1945 ex
489 1892 602 1961 quorum
617 1893 737 1944 sordibus
752 1894 820 1945 nibil

51 1961 126 2014 aliud
147 1980 227 2028 quam
245 1964 362 2029 voluptas
381 1961 494 2012 inimicis
514 1972 692 2026 quaereretur,
713 1963 821 2012 nomina
908 1973 917 1983 “

51 2030 179 2083 abolevit:
190 2028 336 2080 conditione
343 2028 479 2095 proposita,
485 2040 521 2086 ut,
529 2030 635 2094 siquem
642 2030 698 2093 quis
703 2039 824 2095 repetere.

51 2098 132 2148 vellet
137 2132 146 2157 ,
157 2114 203 2163 par
212 2098 359 2163 periculum
368 2112 467 2163 poenae
477 2095 584 2149 subiret.
602 2094 641 2144 Ne
653 2094 725 2160 quod
733 2110 822 2147 aarum

51 2164 213 2215 maleficium
224 2162 387 2231 negotiumve
398 2164 554 2230 impunitate-
565 2162 608 2212 vel
621 2178 694 2211 mora
709 2162 823 2214 elabere-

52 2245 109 2295 tur,
129 2228 235 2297 triginta
244 2230 355 2297 amplius
367 2228 434 2290 dies,
456 2228 501 2295 qui
516 2227 658 2278 honorariis
668 2228 737 2279 ludis
747 2248 823 2281 occu·

53 2299 199 2367 pabantur,
219 2302 286 2349 actui
299 2314 390 2353 rerum
399 2296 609 2347 accommodavit.
619 2311 626 2327 ··
638 2292 681 2346 Ad
690 2307 744 2346 tres
754 2298 823 2349 iudi·

55 2384 117 2417 cum
139 2363 256 2421 decurias
276 2376 392 2431 quartam
411 2360 523 2425 addidit,
543 2379 573 2413 ex
591 2360 713 2413 inferiore
733 2381 821 2426 censu,

57 2451 123 2501 quare
133 2430 334 2482 ducenariorum
344 2442 475 2481 vocaretur
489 2428 665 2494 iudicaretque
676 2428 708 2480 de
716 2431 822 2481 leviori-

56 2498 104 2551 bus
115 2501 239 2552 summis.
267 2496 371 2549 Indices
386 2516 400 2547 a
412 2498 533 2555 vicesimo
544 2498 629 2547 aetatis
639 2514 708 2547 anno
723 2498 821 2563 allegit,

57 2568 84 2618 id
94 2579 139 2631 est,
152 2567 330 2633 quinquennio
340 2567 480 2627 maturius,
490 2563 569 2629 qu‘am
579 2563 704 2613 solebant.
718 2561 757 2615 Ac
766 2566 822 2631 plc-

58 2638 145 2703 risqne
156 2632 289 2684 iudicandi
298 2649 396 2683 munus
407 2631 619 2693 detrectantibus,
638 2632 682 2679 rix
691 2631 821 2694 concessit,

59 2700 207 2773 tat-'singulis
218 2699 341 2765 decuriis,
360 2716 408 2769 per
426 2700 508 2763 sices,
526 2714 613 2750 annua
630 2695 822 2765 samtioesseta
