2092 3059
252 196 420 256 tvotvs
449 197 640 255 CAESAR.
790 208 827 265 39

65 305 187 366 nepotes,
209 297 240 353 (l.
252 300 406 365 Octavium
417 320 447 355 ex
458 301 595 369 dodrante,
614 314 639 355 et
652 304 684 356 L·
693 302 827 356 P‘rnerium

65 366 92 417 el
101 366 137 431 Q.
149 364 259 418 Pedium
269 384 301 419 ex
315 369 454 436 quadrante
473 370 587 438 reliquo:
606 373 634 422 in
654 373 707 423 ima
726 387 784 421 eera
794 368 848 419 Co
864 430 867 437 1

65 432 206 483 Octavium
225 438 303 486 etiam
324 439 352 487 in
373 438 497 489 t'amssiam
516 437 665 503 nomenque
684 436 827 505 adoptavit:

63 500 204 568 pluresque
216 518 397 569 percussorum
406 506 433 553 in
443 504 569 555 tutoribus
578 504 638 565 filii,
657 500 679 553 'si
699 507 758 569 quis
776 503 826 554 sibi
879 556 885 561 ,

63 580 224 632 nasceretur,
235 571 393 621 nominauit:
412 572 446 621 D.
458 572 568 621 Brutum
583 573 660 621 etiam
669 572 697 620 in
707 570 827 621 secundis

62 631 211 685 heredibus.
231 633 331 701 Populo
341 637 426 688 hortos
438 640 503 689 cirea
512 638 629 689 Tiberim
640 635 744 705 publice
754 648 780 688 et
788 638 826 688 ui·

62 701 135 750 rititn
145 713 261 749 trecenos
270 704 400 751 sestertios
410 705 513 766 legauit.

113 764 375 825 Lxxxiv.1?unere
385 766 494 828 indicto,
515 784 594 835 rogus
605 780 745 822 emunctae
754 772 826 821 estin

61 829 158 883 Martio
169 848 259 899 eampo
270 834 338 883 iuxta
352 832 434 889 Iuliae
449 836 596 885 tumulum:
617 847 643 885 et
660 854 709 902 pro
728 838 826 889 Rostris
867 851 871 868 ¹
921 890 924 893 ,
974 864 979 874 =

60 910 148 950 aurata
159 898 234 950 aedes
244 896 277 949 ad
286 900 454 950 simulacrum
464 904 555 969 templi
565 902 674 955 Veneris
685 904 825 955 Genitrieis
871 919 875 926 ¹
928 942 931 950 .

60 966 200 1018 collocuta:
219 966 337 1033 intraque
350 967 432 1019 lectus
447 968 574 1019 eburneus
589 985 651 1019 auro
668 986 698 1020 ae
710 986 825 1037 purpura

61 1044 170 1099 stratus,
182 1032 249 1084 etad
258 1046 335 1100 eaput
345 1044 481 1102 tropaeum
491 1050 551 1087 enm
562 1036 671 1099 veste,in
681 1054 732 1103 qua
741 1038 826 1088 inerat

60 1101 171 1151 occisus.
191 1098 397 1152 Praelerentibus
406 1118 530 1165 munere,
540 1107 600 1168 quia
609 1104 760 1154 suffecturus
770 1101 824 1153 dies

42 1222 44 1226 ⁸
59 1166 264 1232 nonridebatur,
274 1180 439 1237 praeceptum
451 1181 494 1231 eet,
505 1181 543 1230 ut,
553 1173 647 1221 omisso
657 1168 756 1230 ordine,
766 1168 824 1234 qni-

59 1232 109 1285 bus
120 1235 321 1301 quisquetellet
329 1235 460 1289 itineribus
465 1236 822 1303 urbisportaretin'eernpntn.

59 1300 132 1359 Inter
140 1301 218 1352 ludos
227 1314 324 1355 canuto
334 1316 397 1355 sunt
413 1304 553 1371 quaedem,
574 1301 607 1353 ad
625 1303 816 1353 miserationem

61 1368 379 1425 etinuidiamoaediseius
403 1368 825 1439 incommodatefixl'sonviide-

58 1452 166 1487 mortun
176 1436 284 1488 iudicine

92 1530 129 1541 -
137 1528 172 1541 —
181 1504 254 1555 Men’
264 1494 434 1567 detumulare
443 1514 540 1566 essent,
551 1504 606 1576 qui
614 1501 825 1574 moperdereut?

9 1602 10 1605 =
58 1581 84 1621 et
93 1576 125 1621 e'x
134 1565 237 1622 Electra
246 1568 310 1622 Attii
319 1574 376 1633 ulie,¹
385 1572 419 1623 ed
428 1574 542 1623 similem
552 1574 713 1623 sententiam·
723 1572 824 1623 Lauda-

59 1639 138 1688 tionis
151 1638 209 1689 loco
219 1640 309 1689 consul
314 1639 443 1690 Antonius
450 1654 498 1707 per
507 1654 661 1704 praeconem
671 1640 825 1705 pronuntia-

58 1706 96 1755 rit
108 1706 219 1756 Senatus
229 1706 391 1770 consultum,
407 1722 458 1773 quo
468 1706 556 1755 omnia
566 1705 590 1754 ei
600 1705 686 1756 «lirina
696 1704 775 1757 simut
787 1714 825 1753 at·

59 1788 110 1838 que
122 1771 237 1822 humana
257 1770 414 1825 decreverat:
435 1777 498 1824 item
516 1770 705 1834 iusiurandum,
725 1787 777 1837 quo
796 1786 824 1821 ee
857 1798 861 1803 -

59 1840 147 1890 ctrncti
157 1855 205 1906 pro
215 1840 296 1891 salute
306 1841 383 1889 unius
393 1838 592 1891 adstrinxerunt:
608 1838 702 1905 quibua
711 1854 825 1905 perpau-
891 1885 897 1891 ,

60 1922 88 1956 ea
103 1924 118 1955 a
128 1920 158 1955 se
169 1905 248 1957 uerba
260 1905 373 1958 addidit.
402 1908 511 1959 Lectum
526 1922 573 1973 pro
582 1906 680 1956 Rostris
688 1906 716 1957 iu
725 1906 825 1956 Forum

59 1975 225 2037 magistratu·
236 1984 261 2022 et
275 1972 415 2029 honoribus
437 1972 693 2035 ltmcti'detulerunt.
735 1972 825 2038 Quem

59 2054 144 2105 quum
154 2056 212 2107 pers
220 2037 249 2091 in
260 2039 399 2106 Capitolini
410 2040 477 2091 Iovis
493 2040 557 2089 eelle
572 2049 698 2102 tremere,
718 2054 777 2105 pars
795 2038 824 2092 in

58 2108 130 2158 curia
142 2107 260 2172 Pompeii
270 2105 423 2167 destinaret,
433 2116 537 2173 repente
548 2106 600 2157 duo
610 2104 722 2171 qnidam·
729 2102 824 2169 glediis

55 2174 184 2231 succincti
194 2188 222 2222 ae
231 2172 290 2223 bina
301 2174 383 2223 iacula
394 2183 520 2239 gestantes
526 2171 823 2223 ardentibuseereissuo-

57 2238 217 2290 rendernnt:
227 2240 423 2306 ‘confestimque
442 2238 665 2289 oiretunstantinm
683 2236 757 2288 turba
771 2235 823 2287 vir·

57 2305 203 2373 guluartda
214 2318 239 2357 et
248 2322 308 2356 cum
317 2306 446 2357 subselliis
456 2302 603 2364 tribunalis,
610 2301 739 2369 quidquid
749 2318 824 2371 praee

57 2381 127 2424 terea·
137 2372 171 2424 ud
181 2372 399 2435 manumuderst‚
418 2372 557 2437 congessit:
577 2368 669 2421 deinde
686 2369 821 2433 tubicines,

58 2442 184 2492 etscenioi
194 2442 299 2491 artifices
314 2449 426 2500 testem,
446 2454 527 2504 quem
545 2453 577 2485 ex
589 2438 762 2489 iustrmnento
776 2438 823 2486 tri·
853 2457 864 2467 *

58 2499 222 2574 umphorum
232 2506 265 2555 ad
275 2516 435 2573 praesentem
444 2520 521 2553 ussnn
531 2502 677 2564 induerent,
682 2505 822 2555 detractem

58 2572 115 2638 ribi,
126 2584 204 2639 utque
214 2572 371 2632 discissam,·
381 2572 492 2621 iniecere
503 2572 635 2631 dammae,
655 2580 681 2621 et
689 2581 822 2621 veterano·

59 2653 117 2689 rum
127 2640 246 2690 militum
255 2637 388 2703 legionarii
398 2654 468 2687 arma
478 2652 538 2698 sua,
557 2636 652 2703 quibus
666 2636 760 2687 exculti
779 2634 822 2681 fn-
832 2646 836 2650 ’

61 2715 112 2759 aus
118 2704 295 2775 eelebrebent:
304 2715 434 2757 matronae
444 2706 521 2756 etiam
531 2704 820 2771 pleraequeornemente
